3200 5167
1523 319 2005 385 κ--126--·-

598 500 957 562 Floruerunt
1014 501 1121 562 hac
1179 509 1304 562 arte
1363 505 1519 562 inter
1574 520 1781 563 omnes
1836 502 2186 563 Telmesses,
2279 494 2488 585 (Clem.
2537 498 2697 563 Alex.
2746 500 2861 562 Str.
2913 498 2934 560 1

599 599 698 681 16,
749 598 848 662 74.
924 601 1083 662 Tert.
1147 600 1220 660 de
1275 619 1366 660 an.
1423 620 1548 680 cap.
1597 598 1732 683 46.)
1827 601 2057 672 Quanta
2122 608 2320 662 autem
2385 601 2532 661 fides
2595 600 2795 661 hahita
2860 601 2936 660 sit

595 701 840 759 somniis
897 706 1137 778 optume
1186 697 1575 780 intellegitur,
1624 710 1689 759 ut
1737 702 2003 759 omittam
2053 703 2412 779 scriptorum
2460 701 2817 778 testimonia,
2863 718 2930 757 ex

594 797 849 858 oraculis
906 796 1023 856 illis
1082 796 1407 875 Trophonii
1455 797 1795 875 Amphiarai
1853 805 2215 877 ceterorum,
2271 798 2344 856 de
2401 796 2618 876 quibus
2666 799 2934 858 conferas

594 895 767 976 Wolf,
789 895 877 955 Kl.
900 895 1221 975 Schriften,
1255 893 1419 954 Halle
1458 891 1643 974 1802,
1672 892 1870 974 p.379
1886 914 1973 974 sq.
2022 895 2315 975 Welcker,
2346 894 2435 955 Kl.
2458 894 2626 957 Schr.
2650 895 2728 955 111
2749 892 2833 956 89
2847 914 2931 973 sq.

594 994 815 1074 Rohde,
836 993 1061 1073 Psyche
1101 1014 1154 1072 p.
1175 989 1317 1073 111,
1346 1000 1406 1053 et
1435 1011 1503 1052 ex
1534 994 1845 1072 permultis
1877 993 2065 1054 titulis
2096 993 2266 1054 nohis
2296 994 2561 1073 servatiS,
2591 995 2693 1071 qui
2721 993 2934 1053 docent

594 1095 956 1170 saepissume
996 1109 1126 1151 aras
1158 1091 1411 1170 exempli
1439 1110 1618 1151 causa
1668 1092 1756 1152 vel
1794 1099 2018 1153 statuas
2052 1091 2351 1152 dedicatas
2396 1109 2525 1151 esse
2569 1092 2931 1151 somniorum

594 1192 820 1251 monitu
888 1198 990 1250 aut
1051 1191 1268 1267 gratias
1333 1188 1462 1249 deis
1524 1189 1813 1251 reddendi
1871 1210 2046 1251 causa
2102 1189 2177 1251 oh
2235 1192 2526 1250 somnium
2585 1191 2932 1250 immissum.

770 1287 974 1366 Itaque
1032 1306 1167 1347 cum
1225 1305 1434 1365 magna
1494 1291 1842 1366 superstitio
1902 1291 2164 1350 omnium
2230 1291 2456 1350 animos
2513 1295 2770 1368 teneret,
2829 1289 2931 1347 mi—

597 1405 727 1447 rum
794 1404 912 1447 non
979 1394 1096 1467 est,
1162 1386 1319 1465 quod
1386 1394 1505 1446 tam
1571 1387 1745 1448 multi
1799 1386 1873 1447 de
1929 1386 2393 1465 interpretandis
2450 1388 2695 1446 somniis
2750 1384 2934 1445 libros

587 1493 1085 1566 composuerunt3
1145 1503 1214 1545 ex
1278 1487 1363 1544 cis
1420 1494 1616 1545 autem
1675 1487 1916 1565 scriptis
1972 1505 2155 1547 unum
2212 1485 2283 1544 ad
2341 1492 2606 1544 nostram
2662 1487 2933 1562 pervenit

594 1591 874 1660 aetatem,
942 1583 1074 1642 dico
1130 1582 1493 1642 Artemidori
1548 1584 1818 1645 Daldiani
1873 1586 2279 1663 onirocritica;
2344 1582 2517 1643 liceat
2573 1583 2718 1643 mihi
2775 1602 2931 1643 nunc

595 1682 667 1741 de
716 1685 1007 1760 scriptore
1056 1701 1235 1762 opere
1283 1683 1929 1762 rationephilosophia
1975 1683 2190 1743 dicere.

1692 2060 1731 2135 s
1779 2057 1838 2120 3.

687 2211 830 2308 DE
895 2211 1588 2309 ARTEMIDORO
1658 2212 2214 2310 DALDIANO
2277 2212 2836 2311 LIBRORVM

987 2372 1969 2470 ONIROCRITICORVM
2032 2373 2539 2475 AVCTORE.

1703 2574 1865 2581 ————-

766 2683 895 2743 Non
969 2683 1152 2743 multa
1227 2702 1297 2742 ex
1363 2683 1712 2762 antiquitate
1773 2684 2089 2744 traduntur
2150 2684 2322 2745 nohis
2387 2686 2459 2745 de
2524 2685 2929 2767 Artemidor03

589 2782 823 2842 duobus
871 2789 1369 2842 commemoratur
1415 2779 1561 2840 locis
1609 2783 1669 2840 in
1717 2780 2117 2861 Philopatride
2135 2776 2181 2863 ¹)
2228 2781 2426 2842 libello
2473 2781 2734 2844 Luciano
2783 2783 2929 2843 falso

590 2880 813 2941 tributo
881 2888 940 2940 et
1005 2880 1157 2959 apud
1226 2879 1483 2940 Suidam.
1577 2879 1722 2938 Phil.
1776 2877 1889 2941 21:
1952 2864 2040 2959 ἦν
2107 2870 2169 2939 δ’
2241 2871 2368 2959 ἐγὼ
2432 2875 2595 2941 κατὰ
2664 2874 2786 2961 μὲν
2847 2873 2929 2941 τὰ
3011 2935 3024 2945 ,

584 2970 1065 3059 Ἀριστάνδρου
1111 2971 1223 3037 καὶ
1264 2969 1781 3057 Ἀρτεμιδώρου·
1831 2967 1913 3038 οὐ
1958 2975 2175 3050 καλῶς
2220 2969 2677 3058 ἄποβήσονται
2724 2974 2928 3040 ταῦτά

587 3097 662 3157 γε
707 3068 785 3138 τὰ
839 3073 1120 3137 ἐνυπνία
1159 3074 1272 3136 22:
1316 3071 1483 3136 κατὰ
1519 3067 1995 3158 Ἀρίστανδρον
2041 3069 2161 3136 τὸν
2208 3073 2527 3157 Τελμισέα
2571 3072 2681 3138 καὶ
2722 3071 2929 3158 Ἀρτε-

588 3174 890 3255 μίδωρον
936 3167 1057 3235 τὸν
1106 3166 1435 3254 Ἐφέσιον.
1529 3173 1769 3234 Suidas:
1820 3165 1904 3236 'A.
1965 3168 2373 3248 Δαλδιανός·
2420 3170 2612 3248 πόλις
2661 3170 2739 3236 δέ
2791 3172 2929 3237 ἐστι

589 3271 844 3346 Λυδίας
916 3263 957 3352 ἡ
1029 3266 1314 3346 Δάλδις·
1385 3265 1778 3351 φιλόσοφος.
1899 3272 2187 3354 ἔγραψεν
2273 3265 2760 3355 ὄνειροκριτικά
2854 3270 2927 3335 ἐν

585 3371 872 3450 βιβλίοις
919 3365 1013 3448 δ’,
1074 3362 1560 3431 οίωνοσκοπικὰ
1617 3364 1729 3430 καὶ
1773 3365 2261 3452 χειροσκοπικοέ.
2351 3370 2581 3441 Quibus
2630 3391 2661 3431 e
2709 3389 2925 3432 memo·

588 3472 692 3528 riis
740 3488 876 3529 cum
923 3471 1074 3529 certi
1122 3469 1441 3548 quidquam
1488 3469 1561 3528 de
1600 3476 1791 3528 aetate
1830 3469 2189 3529 Artemidori
2226 3469 2528 3530 enucleari
2567 3489 2684 3530 non
2722 3473 2928 3551 possit,

587 3568 657 3626 ad
725 3569 1036 3645 scriptoris
1102 3566 1288 3626 libros
1354 3566 1702 3627 accedamus
1759 3568 1915 3627 unde
1972 3568 2313 3628 hauriamus
2370 3570 2640 3629 certiora.
2732 3568 2925 3646 Atque

591 3667 785 3744 magni
840 3668 1123 3725 momenti
1179 3672 1319 3725 sunt
1365 3665 1429 3725 hi
1474 3664 1617 3726 loci:
1674 3664 1699 3724 Ι
1746 3684 1868 3744 cap.
1921 3663 2021 3726 26.
2070 3663 2172 3727 64.
2220 3664 2293 3725 IV
2331 3663 2435 3727 22.
2483 3664 2555 3724 IV
2595 3664 2653 3727 2.
2746 3666 2927 3726 Primi

589 3763 725 3824 libri
779 3763 925 3824 locis
972 3782 1028 3842 p.
1074 3761 1188 3843 27,
1231 3760 1331 3824 13.
1379 3759 1492 3844 58,
1531 3761 1618 3824 23
1685 3772 1850 3824 notat
1914 3782 2221 3825 cursorem
2278 3764 2572 3843 quendam
2630 3772 2690 3824 et
2746 3764 2926 3824 citha—

586 3866 818 3942 ristam,
884 3881 1033 3941 quos
1097 3865 1223 3941 ipse
1286 3865 1543 3941 noverit,
1610 3863 1952 3923 interfuisse
2010 3862 2167 3922 ludis
2220 3862 2294 3922 ah
2354 3864 2649 3923 Antonino
2704 3862 2808 3922 Pio
2864 3865 2928 3923 in

587 3962 872 4021 honorem
912 3960 1196 4020 Hadriani
1240 3962 1561 4039 institutis;
1610 3969 1749 4021 sunt
1794 3969 1990 4021 autem
2029 3962 2289 4022 instituti
2324 3979 2373 4022 a.
2414 3979 2468 4039 p.
2508 3960 2645 4022 Chr.
2685 3980 2739 4022 n.
2782 3959 2925 4023 139.

588 4055 733 4119 Dein
791 4061 854 4119 in
900 4058 1040 4119 lihri
1086 4057 1158 4117 IV
1206 4077 1330 4138 cap.
1379 4056 1465 4120 22
1515 4078 1568 4138 p.
1610 4056 1768 4138 215,
1813 4057 1892 4120 10
1952 4062 2216 4120 occurrit
2270 4059 2441 4119 nohis
2501 4051 2827 4139 Φρόντων
2888 4051 2924 4120 ὁ

585 4149 999 4238 ἄρθριτικός,
1060 4159 1164 4235 qui
1222 4165 1491 4217 mortuus
1547 4164 1640 4217 est
1697 4176 1814 4217 non
1863 4167 1998 4218 ante
2036 4176 2085 4217 a.
2129 4153 2272 4219 175.
2363 4156 2428 4216 In
2477 4158 2742 4218 eiusdem
2789 4157 2927 4218 libri

589 4276 712 4336 cap.
735 4256 784 4315 11
807 4251 954 4338 205,
974 4253 1014 4317 9
1045 4264 1408 4317 memoratur
1431 4247 1835 4337 Ἀριστείδης
1865 4251 1899 4317 ὁ
1932 4248 2206 4336 νομικός
2234 4257 2336 4334 qui
2366 4257 2524 4316 circa
2555 4275 2774 4316 annum
2805 4253 2929 4317 190

772 4460 824 4526 1)
860 4456 1185 4510 Postremae
1224 4456 1584 4525 antiquitatis
1614 4456 1835 4510 videtur
1864 4472 1985 4510 esse
2017 4455 2084 4511 cf.
2117 4454 2361 4524 Schmid,
2389 4454 2720 4509 Atticismus
2748 4456 2773 4508 I
2802 4460 2926 4511 225.
