3200 5167
1486 305 1971 370 *130*-

575 508 732 573 111115,
778 490 1211 570 anquirendum
1259 488 1430 550 nohis
1476 489 1735 568 videtur,
1784 489 1940 548 unde
1988 488 2294 549 materiem
2343 506 2575 548 omnem
2622 484 2905 547 hauserit.

567 591 890 650 Audiamus
939 607 1087 668 quae
1133 592 1261 669 ipse
1308 588 1600 668 proferat:
1647 590 1710 648 in
1751 588 2111 667 praefatione
2151 589 2330 666 primi
2365 586 2504 647 libri
2540 584 2600 667 2,
2641 582 2724 646 10
2762 604 2899 645 0011-

571 689 773 748 fitetur
830 706 1035 747 omnes
1096 706 1159 746 se
1216 685 1430 765 legisse
1487 684 1671 745 libros
1730 687 2142 746 onirocriticos
2188 687 2681 765 potissimumque
2729 704 2900 764 expe·

565 789 777 847 rientia
853 794 912 846 et
986 786 1394 846 observatione
1471 803 1645 844 usum
1721 783 1834 844 sibi
1908 802 2282 862 comparasse
2348 803 2483 847 cum
2547 793 2729 843 totam
2793 802 2901 861 per

567 885 747 944 vitam
812 884 952 943 huic
1018 884 1430 943 onirocriticae
1498 885 1610 942 arti
1678 882 1976 942 studuerit
2027 880 2177 961 167,
2218 879 2318 943 19.
2409 882 2486 943 Et
2541 883 2898 961 experientia

565 1001 799 1060 semper
862 981 1263 1061 praedicatur,
1330 999 1564 1058 semper
1631 999 1981 1060 semperque
2049 988 2222 1058 urget
2282 980 2627 1041 observasse
2683 999 2748 1040 se
2803 979 2898 1039 illa

564 1100 713 1160 quae
771 1080 1080 1143 scriberet.
1172 1078 1680 1140 Consuetudinem
1735 1098 1914 1157 porro
1962 1080 2178 1138 inierat
2222 1098 2358 1139 cum
2407 1079 2635 1140 vatibus
2682 1080 2900 1156 spretis

562 1176 630 1258 2,
675 1176 782 1257 13,
847 1181 1061 1239 itinera
1124 1181 1185 1238 in
1250 1177 1428 1238 urbes
1484 1178 1656 1236 Asiae
1714 1184 1773 1235 et
1827 1174 2055 1255 Italiae,
2121 1178 2183 1235 in
2238 1176 2460 1237 insulas
2520 1178 2769 1256 fecerat,
2832 1183 2901 1236 ut

564 1279 787 1337 somnia
827 1296 1001 1355 quam
1039 1276 1292 1355 plurima
1323 1275 1553 1335 audiret
1583 1281 1948 1352 eventusque
1979 1284 2366 1352 cognosceret
2394 1273 2453 1355 2,
2482 1272 2579 1336 16.
2620 1271 2766 1354 253,
2801 1271 2899 1335 10.

564 1375 824 1455 Accedit,
875 1375 1029 1453 quod
1078 1377 1205 1453 ipse
1254 1371 1716 1452 interpretandis
1764 1374 2007 1431 somniis
2051 1371 2325 1432 studebat
2362 1381 2421 1433 et
2457 1373 2593 1433 inde
2634 1390 2897 1451 magnam

567 1473 763 1533 hausit
809 1476 1249 1552 experientiam.
1342 1463 1581 1554 (πεῖρα.
1628 1477 1855 1550 τηρεῖν
1902 1467 2005 1548 34,
2046 1467 2101 1530 7.
2161 1467 2262 1549 37,
2302 1468 2359 1531 6.
2406 1468 2509 1550 40,
2548 1466 2607 1531 5.
2653 1468 2757 1551 41,
2801 1468 2898 1531 16.

563 1569 668 1648 43,
705 1570 807 1633 21.
856 1568 961 1651 49,
990 1568 1048 1632 9.
1096 1567 1199 1650 55,
1231 1567 1288 1630 6.
1328 1567 1430 1649 61,
1460 1567 1517 1630 8.
1559 1566 1661 1648 74,
1690 1566 1793 1629 26.
1835 1565 1935 1647 78,
1967 1564 2065 1628 15.
2113 1565 2216 1648 96,
2247 1565 2304 1628 3.
2349 1566 2491 1648 100,
2521 1567 2579 1630 6.
2623 1566 2766 1648 101,
2796 1566 2899 1629 23.

567 1667 720 1749 102,
760 1667 863 1730 20.
916 1666 1066 1750 103,
1114 1665 1207 1729 18.
1259 1666 1415 1748 111,
1457 1665 1557 1728 12.
1610 1664 1765 1745 118,
1803 1663 1861 1727 2.
1912 1663 2066 1746 121,
2105 1662 2206 1726 25.
2259 1664 2412 1746 128,
2456 1665 2552 1729 13.
2605 1664 2756 1748 140,
2799 1662 2898 1726 18.

566 1764 720 1848 151,
759 1765 817 1828 3.
887 1764 1037 1848 157,
1078 1765 1179 1827 22.
1250 1764 1405 1847 167,
1446 1763 1546 1826 11.
1600 1762 1702 1825 18.
1750 1761 1852 1824 20.
1919 1761 2074 1841 179,
2119 1762 2215 1825 17.
2288 1762 2438 1845 188,
2482 1762 2535 1825 1.
2606 1762 2758 1845 197,
2798 1761 2898 1824 12.

563 1862 712 1944 212,
758 1861 886 1947 11.)
978 1864 1104 1935 Qua
1153 1868 1210 1924 in
1258 1883 1323 1924 re
1371 1881 1546 1942 saepe
1595 1864 1815 1922 factum
1864 1870 1955 1922 est
2002 1870 2068 1922 ut
2113 1863 2191 1943 id,
2240 1863 2397 1942 quod
2445 1865 2571 1942 ipse
2619 1870 2898 1941 expertus

562 1971 746 2043 esset,
813 1964 1179 2042 discreparet
1244 1963 1316 2023 ab
1384 1965 1496 2042 eis,
1563 1979 1712 2041 quae
1780 1963 1964 2020 ceteri
2029 1960 2390 2021 statuebant:
2454 1980 2647 2041 neque
2703 1969 2899 2021 tamen

563 2069 792 2121 ceteros
867 2063 1254 2142 sequebatur,
1330 2062 1431 2121 sed
1503 2060 1694 2140 pluris
1760 2077 1993 2137 semper
2059 2058 2404 2119 aestimabat
2470 2078 2633 2120 suam
2700 2059 2900 2120 obser-

561 2162 872 2219 vationem.

736 2258 908 2336 Legit
956 2258 1163 2337 igitur,
1220 2265 1287 2318 ut
1335 2257 1506 2317 modo
1557 2257 2039 2335 commemoravi,
2096 2273 2301 2316 eorum
2350 2259 2452 2336 qui
2498 2265 2667 2317 antea
2715 2258 2899 2335 scrip-

562 2364 770 2416 serunt
825 2355 898 2414 de
954 2356 1066 2415 hoc
1123 2362 1470 2435 argumento
1528 2353 1713 2414 libros
1763 2350 1829 2434 2,
1871 2350 1972 2414 11.
2065 2352 2235 2413 Haud
2293 2356 2512 2436 pigeat,
2569 2374 2717 2434 quae
2766 2372 2900 2414 cen·

563 2456 751 2514 suerit
799 2453 871 2513 de
921 2455 1006 2513 eis
1051 2457 1257 2532 paucis
1306 2453 1618 2531 explicare.

742 2551 801 2611 P.
854 2550 924 2633 2,
961 2548 1003 2612 5
1059 2555 1355 2631 vituperat
1412 2569 1541 2632 605,
1602 2553 1705 2629 (1111
1753 2557 2020 2610 veterum
2068 2550 2282 2629 placita
2329 2571 2445 2612 non
2492 2551 2902 2631 intellegentes

562 2653 829 2730 ipsorum
877 2650 1289 2712 additamentis
1337 2653 1398 2710 in
1444 2651 1618 2727 peius
1665 2655 2045 2710 mutaverunt
2082 2658 2183 2710 aut
2219 2650 2291 2710 ab
2329 2651 2458 2711 aliis
2496 2653 2801 2712 materiem
2839 2651 2901 2708 in

565 2769 669 2810 sua
709 2751 927 2827 scripta
967 2750 1418 2829 transtulerunt,
1459 2749 1870 2810 observatione
1909 2766 2157 2825 prorsus
2187 2748 2469 2826 neglecta.
2535 2748 2597 2808 P.
2628 2747 2729 2828 84,
2759 2743 2902 2826 5sq.

544 2848 743 2908 docet
808 2850 1001 2926 magni
1067 2867 1130 2908 se
1197 2850 1506 2908 aestimare
1573 2839 1733 2919 τοὺς
1797 2837 2145 2927 παλαιούς;
2210 2848 2526 2907 confitetur
2582 2847 2901 2926 plurimum

566 2949 679 3006 iam
736 2945 867 3005 illos
923 2964 1091 3006 veras
1149 2947 1404 3007 edidisse
1462 2947 1986 3025 interpretationes
2034 2936 2177 3028 (ἵνα
2222 2936 2311 3025 μὴ
2359 2936 2727 3023 ἀντιλέγειν
2774 2939 2905 3004 ἐπι-

566 3041 810 3124 χειρῶν
883 3039 1255 3118 ψεύδεσθαι
1322 3037 1835 3125 ἀναγκάζωμαι).
1934 3044 2140 3123 Neque
2206 3052 2401 3104 autem
2468 3062 2702 3122 semper
2766 3062 2901 3102 cum

567 3144 654 3201 eis
711 3144 1032 3203 consentit:
1093 3142 1500 3222 compluribus
1556 3141 1701 3203 locis
1749 3141 1919 3201 aliter
1966 3144 2094 3221 ipse
2141 3142 2475 3204 observavit
2522 3151 2697 3222 atque
2749 3149 2909 3202 vete-

568 3259 692 3320 res3
748 3240 876 3299 aliis
933 3239 1079 3300 locis
1126 3243 1423 3320 vituperat
1470 3260 1602 3321 eos,
1659 3239 1816 3319 quod
1865 3259 2052 3301 unum
2098 3240 2419 3303 alterumve
2467 3260 2715 3321 prorsus
2761 3242 2906 3300 omi-

570 3346 777 3398 serunt
824 3334 936 3418 45,
976 3337 1077 3399 22.
1129 3337 1237 3419 76,
1279 3338 1346 3420 8,
1403 3339 1531 3399 31115
1578 3338 1894 3417 gloriatur,
1947 3358 2096 3418 quae
2143 3340 2228 3400 illi
2275 3348 2341 3401 ut
2388 3343 2612 3402 semina
2658 3342 2906 3420 sparsis-

569 3444 730 3515 sent,
795 3456 857 3497 se
922 3437 1198 3497 uberiora
1264 3423 1491 3498 fecisse·
1543 3435 1695 3516 197,
1736 3434 1836 3498 14.
1930 3436 2090 3507 Quae
2157 3458 2293 3499 cum
2357 3442 2437 3499 ita
2503 3443 2646 3520 sint,
2709 3442 2905 3517 ipsum

569 3534 754 3595 multo
811 3538 896 3595 eis
954 3554 1083 3596 esse
1145 3537 1514 3615 superiorem
1570 3554 1997 3614 saepenumero
2054 3537 2361 3597 contendit
2416 3556 2675 3617 suosque
2721 3536 2905 3596 libros

571 3640 908 3693 ceterorum
974 3634 1272 3713 aliquanto
1340 3652 1621 3712 superare
1674 3631 1828 3713 198,
1877 3628 1979 3694 25.
2051 3631 2203 3716 197,
2251 3634 2308 3697 3.
2365 3634 2431 3716 2,
2481 3633 2585 3697 20.
2683 3633 2907 3695 Deinde

573 3750 722 3810 quae
771 3736 1072 3793 censuerit
1119 3735 1246 3811 ipse
1296 3733 1367 3792 de
1416 3751 1523 3793 suo
1572 3751 1770 3814 opere,
1818 3752 1889 3793 ex
1935 3732 2035 3792 illo
2085 3736 2228 3793 satis
2275 3734 2431 3795 clare
2478 3742 2722 3814 apparet
2759 3733 2907 3813 loco,

572 3849 688 3909 quo
745 3830 817 3890 de
864 3833 1055 3909 patria
1101 3831 1275 3912 dixit3
1332 3838 1532 3909 sperat
1579 3833 1737 3891 enim
1785 3831 2008 3893 clarum
2056 3833 2182 3893 fore
2232 3833 2529 3912 oppidum,
2576 3832 2731 3911 quod
2779 3835 2906 3910 ipse

571 3947 634 3988 se
700 3936 869 3989 vocet
925 3928 1286 3990 Daldianum.
1378 3926 1499 3989 Nec
1566 3947 1684 3989 non
1752 3932 1991 3990 nimiam
2057 3933 2523 3991 aestimationem
2586 3948 2908 4008 cognosces

574 4027 666 4086 his
712 4026 885 4088 locis:
944 4024 1089 4109 167,
1129 4025 1228 4089 16.
1281 4024 1426 4108 169,
1466 4024 1525 4088 9.
1577 4024 1722 4109 196,
1767 4023 1864 4089 15.
1918 4025 2061 4108 197,
2099 4024 2168 4110 5;
2215 4048 2281 4088 63
2330 4047 2566 4109 quoque
2613 4028 2685 4088 de
2732 4046 2908 4088 causa

577 4133 698 4185 tam
743 4124 1065 4204 gloriosum
1115 4145 1177 4186 se
1224 4125 1489 4207 praebet,
1537 4126 1694 4205 quod
1743 4133 1946 4206 aperte
1993 4133 2170 4205 atque
2218 4126 2372 4187 haud
2422 4126 2667 4187 dubiose
2716 4127 2907 4187 omnia

572 4224 916 4301 exposuisse
964 4224 1080 4284 sibi
1126 4225 1377 4286 videtur.
1426 4222 1528 4305 84,
1570 4222 1671 4286 13.

751 4321 873 4381 lam
927 4324 1250 4401 scriptores
1308 4323 1625 4384 nonnullos
1672 4323 1927 4403 appellat
1972 4324 2037 4385 A.
2086 4341 2340 4402 quorum
2385 4323 2554 4386 libris
2598 4344 2744 4386 usus
2791 4333 2908 4406 est3

573 4421 768 4479 omnia
834 4421 990 4480 enim
1056 4439 1232 4499 opera
1301 4422 1417 4483 sibi
1481 4425 1844 4502 comparavit
1907 4422 1977 4482 ad
2041 4431 2216 4483 s'uum
2271 4424 2771 4505 componendum3
2832 4422 2907 4483 de
