3200 5167
1488 329 1972 395 ——146—

736 505 931 571 Facile
977 518 1177 571 autem
1222 509 1590 590 intellegitur
1637 511 1904 592 singulos
1949 514 2107 575 inter
2144 532 2208 575 se
2248 514 2486 577 misceri
2522 534 2698 595 posse
2737 517 2897 599 deoS,

562 618 766 690 utpote
814 613 917 690 qui
965 631 1081 672 una
1129 610 1452 690 eademque
1499 612 1557 671 vi
1604 612 2019 673 contineantur
2065 615 2104 673 i.
2142 632 2190 673 e.
2240 616 2429 675 anima
2469 615 2692 697 divina3
2739 617 2895 695 quod

560 727 732 789 saepe
781 710 938 788 apud
982 710 1107 770 Art.
1154 710 1478 770 invenitur:

735 810 798 870 P.
850 806 996 890 144,
1026 807 1141 871 32:
1188 807 1281 869 ἔτι
1326 801 1438 869 καὶ
1484 800 1607 888 τὴν
1646 804 2004 890 Δημήτερα
2048 807 2127 892 τῇ
2175 807 2259 893 γῇ
2303 830 2423 872 τον
2470 801 2675 873 αὐτὸν
2723 810 2896 893 ἔχειν

558 899 764 986 λόγον
809 901 1019 988 φασὶν
1066 905 1138 969 οἱ
1180 905 1431 986 σοφοι’.’

731 1005 794 1066 Ρ.
838 1003 983 1086 145,
1012 1003 1125 1067 21:
1174 997 1214 1084 ἡ
1262 999 1583 1085 λεγομένη
1624 999 1870 1085 Μήτηρ
1916 1002 2099 1067 θεῶν
2146 1004 2229 1086 γῆ
2278 999 2445 1068 εἶναι
2494 1003 2893 1088 νενόμισται.

557 1103 717 1173 Quos
774 1103 936 1166 locos
994 1106 1046 1165 si
1098 1106 1514 1182 coniungimus
1571 1111 1633 1162 et
1688 1095 2045 1184 Δημήτερα
2101 1112 2161 1165 et
2214 1102 2462 1188 μητέρα
2518 1103 2654 1167 τῶν
2709 1104 2895 1167 θεῶν

557 1204 713 1262 inter
761 1221 824 1262 se
864 1204 1112 1278 misceri
1158 1205 1590 1282 cognoscimus,
1638 1236 1722 1244 —
1763 1202 1825 1262 P.
1877 1199 2019 1278 142,
2061 1201 2174 1264 13:
2222 1194 2644 1286 (Ἀφροδίτη)
2692 1197 2894 1284 φύσις

555 1295 663 1361 καὶ
719 1292 934 1381 μήτηρ
989 1305 1125 1362 τῶν
1183 1293 1358 1363 ὅλων
1417 1292 1592 1362 εἶναι
1636 1292 2042 1379 νενόμισται.
2090 1335 2174 1343 —-
2220 1300 2283 1361 P.
2327 1298 2471 1382 146,
2510 1300 2577 1363 8:
2631 1292 2723 1366 ‘H
2757 1300 2892 1363 τῶν

556 1390 733 1460 ὅλων
776 1393 990 1473 Φύσις
1034 1393 1144 1460 καὶ
1182 1395 1569 1481 Εἱμαρμένη
1617 1392 1727 1458 καὶ
1767 1393 2068 1477 Πρόνοια
2115 1392 2226 1459 καὶ
2265 1400 2333 1459 εἴ
2369 1419 2431 1459 τι
2475 1390 2638 1459 ἄλλο
2680 1390 2893 1478 ὄνομα

552 1490 815 1570 τούτοις
880 1495 1287 1578 ἰσοδυναμεῐ.
1303 1491 1355 1582 1)
1456 1496 1585 1558 Huc
1648 1496 1790 1556 illud
1851 1516 2088 1576 quoque
2144 1498 2404 1576 pertinet
2462 1496 2617 1576 quod
2677 1496 2776 1557 Sol
2831 1505 2892 1557 et

552 1594 757 1673 Apollo
826 1615 980 1657 unus
1036 1598 1184 1657 deus
1240 1615 1369 1656 esse
1428 1602 1777 1675 censentur;
1839 1613 1949 1656 nec
2005 1598 2201 1655 minus
2259 1594 2370 1655 hoc
2427 1595 2640 1655 referri
2693 1603 2891 1673 potest

552 1693 621 1752 ad
672 1694 1007 1755 Stoicorum
1056 1694 1440 1773 theologiam,
1487 1694 1646 1773 quod
1693 1694 1757 1753 A.
1805 1694 2105 1772 praedicat
2155 1691 2255 1774 14,
2292 1690 2362 1754 4:
2408 1685 2593 1754 ἄλλοι
2648 1684 2890 1765 ἄλλους

549 1789 788 1871 τιμῶσι
834 1786 1073 1872 θεούς,
1120 1783 1266 1854 ἀλλ’
1320 1785 1425 1854 ἐπὶ
1474 1785 1549 1853 τὸ
1599 1782 1760 1852 αὐτὸ
1808 1783 1932 1871 τὴν
1977 1781 2328 1872 ἀναφορὰν
2379 1788 2602 1870 ἔχουσι
2647 1783 2890 1864 πάντες

548 1891 586 1950 i.
633 1907 682 1950 e.
730 1890 913 1951 multa
963 1899 1103 1952 sunt
1149 1892 1403 1970 nomina,
1449 1908 1637 1950 unum
1685 1908 1924 1950 numen.

724 1988 934 2050 Exstat
989 1989 1200 2050 deinde
1257 1989 1410 2068 apud
1471 1989 1537 2049 A.
1593 1988 1759 2049 locus
1821 1989 1924 2066 qui
1980 1989 2309 2047 certissime
2366 2006 2500 2047 cum
2550 1986 2886 2048 Stoicorum

550 2087 803 2164 quodam
852 2087 1092 2148 decreto
1139 2089 1443 2167 convenit,
1488 2083 1593 2166 42,
1634 2083 1746 2149 25:
1791 2078 1865 2147 τὸ
1916 2082 2178 2147 αἰδοῖον
2225 2084 2399 2147 ἔοικε
2444 2083 2719 2164 γονεῦσι
2764 2079 2887 2166 μὲν

547 2178 689 2245 ἐπεὶ
767 2177 888 2247 τὸν
975 2177 1511 2265 σπερματικὸν
1594 2179 1808 2264 ἐπέχει
1880 2178 2152 2265 λόγον;
2233 2183 2655 2244 intellexerunt
2729 2187 2887 2244 enim

547 2282 732 2343 Stoici
788 2301 896 2362 per
954 2275 1401 2363 σπερματικὸν
1458 2275 1668 2361 λόγον
1723 2284 1839 2342 vim
1897 2282 2082 2363 illam,
2131 2301 2281 2361 quae
2339 2285 2528 2342 instar
2585 2284 2888 2342 seminarii

546 2383 813 2442 continet
866 2384 929 2441 in
976 2401 1040 2443 se
1087 2400 1295 2442 causas
1342 2399 1545 2441 rerum
1591 2382 1906 2461 factarum,
1955 2398 2104 2460 quae
2152 2381 2302 2440 fiunt
2349 2388 2409 2440 et
2453 2399 2603 2459 quae
2652 2381 2886 2440 futurae

544 2487 710 2560 sunt;
774 2481 909 2540 dein
959 2483 1399 2541 constituerunt
1447 2478 1782 2557 complures
1829 2471 2072 2556 λόγους
2116 2471 2613 2561 σπερματικούς,
2661 2497 2775 2557 qua
2822 2481 2883 2539 in

542 2595 608 2636 re
666 2578 823 2639 idem
880 2578 1051 2638 nobis
1109 2579 1383 2658 offertur,
1440 2577 1598 2656 quod
1657 2579 1719 2638 in
1765 2575 2003 2637 illorum
2051 2577 2122 2637 de
2170 2577 2298 2637 deis
2344 2576 2608 2657 placitis3
2664 2580 2882 2638 etenim

542 2696 659 2737 una
706 2678 822 2738 illis
869 2678 983 2738 suit
1028 2677 1224 2740 divina
1272 2678 1378 2756 vis,
1427 2674 1645 2736 multae
1693 2682 1889 2736 autem
1939 2676 2068 2735 eius
2115 2676 2355 2736 formae.
2367 2667 2421 2757 ²)

724 2776 844 2836 Iam
893 2794 1031 2837 vero
1078 2775 1337 2835 heroes
1385 2782 1561 2853 atque
1614 2774 2017 2853 daemoneS,
2064 2791 2214 2852 quos
2262 2773 2403 2832 deos
2439 2772 2660 2833 hahent
2698 2773 2885 2835 Stoici

541 2875 803 2934 minores
859 2875 1107 2953 ceteris,
1161 2874 1466 2933 ministros
1521 2891 1727 2933 eorum
1774 2874 2319 2952 internuntiosque,
2377 2871 2528 2949 apud
2578 2872 2737 2932 hunc
2784 2892 2879 2933 ex-

541 2978 727 3052 stant3
783 2990 814 3031 e
865 2971 1201 3031 Stoicorum
1258 2977 1453 3029 autem
1511 2979 1709 3029 mente
1767 2972 2090 3049 unicuique
2147 2971 2452 3048 appositus
2500 2977 2591 3029 est
2637 2969 2882 3048 angelus

538 3076 770 3148 custoS,
828 3069 1117 3131 malorum
1180 3066 1591 3146 bonorumque
1651 3066 1994 3128 observator
2050 3061 2332 3151 (Epictet.
2386 3068 2525 3127 diss,
2573 3067 2597 3126 Ι
2639 3065 2738 3147 14,
2778 3065 2880 3128 12.

543 3165 641 3248 14,
684 3164 783 3228 14.
832 3167 967 3228 Sen.
1008 3186 1099 3246 ep.
1132 3163 1280 3246 110,
1313 3158 1415 3249 1);
1460 3163 1619 3225 idem
1658 3165 1852 3226 elucet
1894 3184 1965 3226 ex
2003 3167 2362 3227 Artemidori
2400 3164 2598 3225 verbis
2635 3162 2782 3246 262,
2813 3164 2879 3228 3:

538 3255 573 3325 ὃ
631 3258 754 3345 μὲν
814 3259 943 3347 γὰρ
991 3256 1207 3344 πατὴρ
1257 3255 1524 3336 εἰκότως
1573 3256 1887 3344 ἐσήμαινε
1931 3255 2047 3326 τόν
2096 3262 2381 3344 δαίμονα
2428 3256 2548 3325 τὸν
2592 3262 2717 3326 τοῦ
2762 3264 2878 3345 ζῆν

536 3364 757 3424 αἴτιον
804 3367 894 3447 τῷ
945 3355 1179 3425 ἰδόντι.
1274 3359 1478 3420 Simile
1525 3362 1824 3422 invenisse
1871 3362 2018 3422 mihi
2063 3362 2266 3423 videor
2312 3362 2423 3423 hoc
2469 3362 2626 3424 loco:
2673 3362 2761 3424 Εἰ
2805 3358 2884 3424 δέ

534 3481 632 3534 τις
693 3455 765 3522 ἐν
816 3458 1082 3541 δεσμοῖς
1129 3450 1225 3520 ὢν
1273 3456 1412 3519 ἴδοι
1457 3451 1577 3520 τὸν
1625 3450 1896 3538 ὄνειρον
1941 3457 2214 3539 τοῦτον,
2270 3455 2877 3543 προσεπισωρεύσει

533 3549 713 3644 αὐτῷ
770 3551 846 3620 τὸ
908 3553 1261 3641 δαιμόνιον
1310 3550 1424 3617 καὶ
1469 3547 1638 3617 ἄλλα
1685 3547 1835 3617 τινὰ
1879 3548 2046 3618 κακὰ
2095 3549 2262 3635 πρὸς
2308 3555 2398 3643 τῷ
2447 3555 2536 3637 μὴ
2584 3554 2875 3638 λυθῆναι

531 3731 662 3785 inst.
702 3730 812 3786 div.
853 3731 928 3784 IV
968 3735 1019 3787 9.
1094 3729 1297 3784 Euseb.
1347 3747 1428 3799 pr.
1470 3745 1551 3783 ev.
1592 3727 1695 3781 XV
1738 3733 1822 3783 15.
1879 3726 2060 3798 Diels,
2099 3729 2223 3782 ἀοι.
2262 3748 2344 3799 gr.
2383 3747 2438 3799 p.
2468 3734 2571 3783 306
2608 3728 2879 3795 <Athena—

531 3813 720 3880 goras)
758 3830 812 3881 p.
852 3817 954 3866 588
991 3811 1214 3882 (Epiph.
1255 3811 1381 3864 adv.
1422 3809 1596 3877 haer.)
1635 3825 1687 3877 p.
1722 3814 1825 3862 618
1865 3807 2087 3877 (Galeni
2122 3808 2252 3866 hiet.
2292 3809 2473 3878 plait).
2530 3808 2691 3865 Corn.
2730 3810 2782 3865 d.
2819 3829 2874 3865 n.

531 3891 585 3943 d.
624 3890 757 3944 XIII
793 3890 975 3946 Zeller
1010 3889 1166 3944 ma⁸
1204 3895 1322 3944 315.
1362 3894 1484 3945 318.
1526 3895 1647 3958 673,
1678 3895 1726 3945 5.

715 3972 765 4042 1)
800 3973 1036 4026 Rectam
1086 3987 1207 4025 esse
1255 3971 1400 4023 hanc
1450 3969 1977 4040 interpretationem
2021 3969 2154 4024 inde
2199 3970 2388 4040 potest
2425 3970 2689 4039 cognosci
2725 3973 2875 4040 qnod

530 4051 754 4122 singula,
798 4052 1030 4107 numina
1073 4051 1136 4105 in
1171 4065 1351 4119 aequo
1390 4049 1554 4120 ponit
1588 4050 1761 4104 matri
1798 4051 2054 4120 deorum,
2101 4051 2194 4106 vel
2231 4053 2462 4105 naturae
2500 4053 2747 4107 omnium
2782 4055 2878 4109 vel

529 4133 714 4187 terrae
753 4132 919 4204 (Aug.
959 4132 1029 4186 de
1067 4131 1173 4188 civ.
1213 4131 1265 4185 d.
1304 4128 1409 4185 VlI
1440 4132 1546 4200 16),
1587 4122 1648 4184 in
1683 4130 1884 4199 quibus
1922 4132 2111 4186 anima
2147 4131 2339 4186 divina
2375 4161 2441 4171 —
2479 4129 2516 4186 i.
2556 4147 2603 4187 e.
2640 4133 2726 4188 vis
2762 4153 2877 4204 qua.

530 4213 718 4268 omnia
776 4211 1189 4283 progignnntnr
1245 4241 1314 4252 —
1359 4210 1661 4265 manifeste
1716 4214 1891 4281 atque
1944 4212 2094 4267 clare
2149 4213 2400 4282 apparet.
2488 4210 2571 4267 Of.
2626 4212 2874 4274 Lobeck·

525 4292 805 4364 Aghoph.
845 4310 899 4362 p.
941 4297 1025 4348 79.

704 4378 760 4443 2)
782 4370 1092 4429 Ceterum
1071 4394 1101 4428 ο
1131 4367 1507 4444 σπερματικὸς
1525 4368 1690 4442 λόγος
1710 4372 2039 4428 facultatem
2059 4389 2282 4443 qnoque
2302 4372 2477 4429 libros
2497 4375 2878 4446 progignendi

522 4456 590 4508 nt
617 4456 836 4525 partem
865 4454 1087 4509 animae
1118 4452 1417 4524 significat.
1475 4450 1557 4508 Cf.
1584 4452 1734 4509 Plnt.
1765 4453 1835 4508 de
1863 4455 1939 4524 pl.
1966 4454 2063 4523 ph.
2090 4453 2170 4508 IV
2199 4460 2247 4510 4.
2269 4459 2318 4509 2.
2358 4452 2543 4508 Zeller
2566 4453 2722 4511 111a⁸
2750 4464 2875 4518 198.
