3200 5167
1235 343 1723 408 —1272

309 528 593 609 Smyrnae
642 529 758 590 vita
806 528 1086 588 excessit:
1137 528 1251 587 iam
1301 525 1519 587 obiisse
1569 526 1725 587 diem
1775 546 2117 606 supremum
2166 527 2464 607 aliquanto
2510 537 2644 589 ante

309 630 532 689 editum
582 647 761 709 opUS,
808 628 951 687 satis
1001 634 1244 706 apparet
1290 645 1358 685 ex
1409 625 1508 686 illo
1556 625 1704 688 loco.
1798 626 2000 705 ltaque
2049 626 2199 687 liber
2248 626 2318 685 lV
2364 636 2500 688 ante
2547 646 2644 687 an-

307 745 450 786 num
503 722 628 787 190
687 728 946 805 scriptus
1002 744 1122 785 non
1179 735 1296 806 est;
1356 727 1497 784 vixit
1554 726 1736 802 igitur
1792 726 1858 785 A.
1906 724 2127 786 saeculi
2170 725 2413 785 alterius
2461 726 2644 786 altero

308 823 568 885 dimidio.
659 823 785 884 Alia
850 824 1183 883 testimonia
1251 821 1447 888 attulit
1513 821 1762 883 Reifiius
1827 826 1891 883 in
1946 823 2309 901 praefatione
2367 823 2644 884 editionis

309 941 448 982 suae
494 942 551 1001 p.
599 921 699 981 v11
756 922 911 981 unde
970 921 1407 981 demonstraret
1458 923 1635 980 vitam
1683 924 1811 982 eius
1857 921 2204 981 litterariam
2251 940 2370 982 non
2416 929 2535 981 tam
2581 924 2643 980 in

307 1023 588 1081 Antonini
642 1020 728 1080 Pii
787 1038 962 1099 quam
1021 1020 1301 1109 Antonini
1358 1017 1694 1097 philosophi
1749 1021 1996 1097 eiusque
2054 1022 2419 1080 successoris
2476 1020 2643 1081 Com-

308 1119 464 1179 modi
512 1127 776 1197 tempora
825 1118 1054 1178 cadere.
1100 1150 1174 1160 —
1222 1117 1413 1176 Patria
1460 1135 1578 1176 non
1628 1126 1753 1177 erat
1795 1116 2009 1197 Daldis,
2056 1117 2116 1176 id
2165 1117 2323 1197 quod
2371 1118 2644 1178 concludi

307 1226 501 1296 potest
549 1236 619 1276 ex
677 1218 913 1276 nomine
965 1208 1052 1277 'A.
1099 1206 1133 1275 ὁ
1187 1207 1597 1294 Δαλδιανός,
1646 1215 1749 1275 sed
1788 1214 2059 1293 Ephesus
2106 1223 2166 1275 et
2212 1234 2341 1276 eam
2388 1216 2463 1275 ob
2510 1235 2643 1276 cau-

308 1333 431 1374 sam
482 1306 874 1375 Δαλὸιανὸν
923 1313 1035 1373 sibi
1085 1331 1412 1391 cognomen
1460 1315 1809 1392 assumpsit,
1857 1323 1923 1373 ut
1968 1313 2124 1374 illam
2174 1313 2383 1374 urbem
2429 1314 2644 1393 Lydiae

306 1412 464 1472 unde
514 1420 700 1473 mater
745 1420 874 1472 orta
923 1420 1067 1491 erat,
1114 1411 1423 1471 clariorem
1471 1412 1750 1471 redderet
1797 1413 2118 1471 etiamtunc
2166 1411 2431 1471 tenebris
2470 1411 2643 1471 obru-

305 1518 424 1569 tam
499 1512 836 1589 gratiasque
912 1520 1112 1588 ageret
1186 1502 1586 1593 (θρεπτήρια
1660 1501 2097 1593 ἀποδίδωμι),
2172 1529 2308 1571 cum
2373 1509 2646 1588 Ephesus

306 1608 605 1669 clarorum
668 1611 929 1669 virorum
989 1610 1131 1668 satis
1185 1625 1464 1685 magnum
1522 1625 1835 1668 numerum
1883 1609 1998 1668 iam
2046 1609 2299 1668 tulisset.
2390 1607 2474 1669 Cf.
2521 1609 2644 1667 Art.

311 1703 454 1786 196,
500 1704 577 1768 18
611 1726 696 1786 sq.

482 1804 564 1865 De
610 1806 824 1866 studiis
864 1804 1225 1866 Artemidori
1262 1824 1294 1864 a
1335 1805 1512 1865 Suida
1553 1806 1842 1865 certiores
1882 1805 2021 1866 facti
2060 1825 2285 1887 summ,
2332 1807 2644 1885 scripsisse

308 1922 443 1963 eum
504 1911 742 1983 praeter
798 1903 982 1964 libros
1037 1905 1451 1964 onirocriticos
1497 1901 1608 1963 alia
1657 1902 1774 1962 duo
1800 1909 1999 1982 'opera
2048 1894 2537 1965 οἰωνοσκοπικὰ
2585 1912 2646 1963 et

304 1993 804 2082 χειροσκοπικοέ,
872 2020 1021 2080 quae
1089 2019 1207 2061 non
1273 2003 1388 2060 iam
1446 2008 1707 2082 exstant3
1772 2001 1876 2062 sed
1933 2005 1994 2062 in
2049 2005 2195 2082 ipsis
2251 2001 2418 2063 libris
2473 2002 2645 2062 nobis

312 2103 562 2160 servatis
618 2107 947 2160 occurrunt
1001 2098 1177 2159 verba
1237 2098 1455 2178 quibus
1508 2100 1707 2178 priora
1765 2103 2011 2179 respicit
2066 2103 2285 2179 scripta
2340 2102 2403 2161 A.
2460 2109 2528 2161 ut
2582 2103 2644 2159 in

307 2199 422 2258 fine
490 2202 651 2259 tertii
712 2197 850 2258 libri
911 2195 1067 2278 196,
1124 2195 1237 2260 20:
1314 2189 1531 2277 ὥσπερ
1599 2190 1813 2257 πολλὰ
1886 2196 2023 2260 τῶν
2090 2192 2218 2280 ἤδη
2285 2197 2378 2272 εἰς
2440 2191 2645 2271 ἄλλας

307 2295 756 2377 πραγματείας
805 2291 1265 2376 πεποιημένων
1314 2315 1427 2375 μοι
1472 2295 1771 2375 βιβλίων.
1824 2330 1901 2340 -
1952 2297 2083 2376 Ipse
2124 2291 2423 2380 quoque¹)
2471 2297 2643 2376 Apol-

303 2394 439 2455 linis
506 2397 733 2455 monitu
791 2395 862 2455 ad
931 2394 1406 2473 componendum
1462 2395 1574 2454 hoc
1632 2413 1781 2472 opus
1848 2399 2296 2457 onirocriticum
2352 2395 2642 2456 adductus

304 2501 421 2575 est3
488 2496 547 2553 in
618 2495 733 2553 fine
790 2495 947 2553 enim
1005 2493 1247 2554 alterius
1303 2493 1441 2553 libri
1497 2492 1570 2553 de
1630 2511 1808 2572 opere
1865 2513 1973 2555 suo
2030 2495 2205 2556 verba
2264 2496 2487 2555 faciens
2543 2494 2640 2554 ad-

302 2593 576 2654 hortatur
641 2593 896 2652 lectores
958 2611 1030 2652 ne
1090 2592 1231 2671 quid
1288 2591 1672 2652 detraherent
1728 2611 1873 2652 neve
1928 2601 2296 2673 apponerent
2350 2596 2435 2653 eis
2492 2613 2640 2672 quae

301 2694 429 2770 ipse
479 2692 963 2769 conscripsisset:
1009 2683 1449 2772 (νομίζοντες)
1495 2683 1666 2751 θεὸν
1706 2683 1995 2771 ἐπόπτην
2031 2686 2139 2751 καὶ
2179 2685 2445 2771 φύλακα
2482 2683 2642 2752 πάν-

304 2809 438 2850 των
488 2780 609 2850 τὸν
650 2780 1063 2865 Ἀπόλλωνα,
1116 2772 1168 2870 ᾧ
1213 2780 1619 2867 πειθόμενος
1665 2782 1792 2867 ἐγὼ
1841 2784 2121 2874 πατρώω
2172 2782 2317 2851 ὄντι
2362 2787 2501 2874 θεῷ
2550 2789 2643 2861 εἰς

302 2881 502 2966 τήνδε
549 2880 672 2966 τὴν
720 2885 1175 2966 πραγματείαν
1221 2884 1579 2968 παρῆλθον
1626 2881 1944 2961 πολλάκις
1990 2909 2070 2970 με
2123 2882 2641 2972 προτρεψαμένῳ

305 2980 589 3066 μάλιστα
639 2978 711 3046 δὲ
747 2989 879 3046 νῦν
924 2981 1220 3065 ἐναργῶς
1258 2976 1592 3046 ἐπιστάντι
1633 3004 1769 3065 μοι,
1815 2975 2013 3065 ἡνίκα
2051 2998 2160 3047 σοι
2200 2981 2644 3066 ἐγνωρίσθην,

302 3078 411 3144 καὶ
473 3077 841 3165 μονονουχὶ
895 3075 1282 3144 κελεύσαντι
1337 3080 1545 3144 ταῦτα
1604 3077 2001 3165 συγγράψαι.
2095 3085 2180 3144 Ex
2239 3084 2435 3144 verbis
2493 3102 2641 3163 quae

302 3182 437 3242 dein
513 3189 827 3243 secuntur:
904 3174 1015 3241 καὶ
1078 3174 1211 3261 γὰρ
1271 3171 1453 3242 εἶναί
1513 3201 1665 3242 τινα
1722 3180 1979 3255 Λυδοῖς
2049 3178 2407 3262 προξενίαν
2479 3173 2645 3261 πρὸς

308 3280 628 3352 Φοίνικας
703 3276 773 3340 oc
831 3271 909 3340 τὰ
973 3272 1216 3358 πάτρια
1279 3270 1440 3358 ἡμῖν
1506 3273 1945 3361 ἐξηγούμενοί
1969 3309 1974 3314 ·
2001 3295 2212 3361 φασιν
2280 3279 2436 3340 aliud
2506 3299 2642 3339 con-

301 3378 480 3439 clusit
527 3379 846 3439 Kraussius
905 3380 965 3437 in
1022 3378 1386 3455 praefatione
1445 3380 1735 3437 versionis
1783 3397 1924 3439 suae
1974 3372 2175 3463 (Wien
2233 3372 2455 3460 l88l):
2505 3388 2644 3438 sunt

301 3479 461 3536 enim
526 3478 704 3536 missi
753 3474 889 3534 libri
955 3483 1079 3535 tres
1135 3475 1206 3535 ad
1266 3474 1532 3535 Cassium
1591 3476 1884 3554 quendam
1940 3477 2285 3555 Maximum,
2347 3478 2447 3554 qui
2510 3478 2642 3554 quis

303 3575 511 3653 fuerit,
570 3574 673 3634 diu
721 3581 813 3635 est
859 3572 1223 3634 dubitatum:
1270 3573 1588 3635 verisimile
1636 3582 1834 3634 autem
1881 3574 2141 3654 videtur,
2191 3575 2346 3653 quod
2396 3594 2641 3635 consue—

304 3673 573 3733 tudinem
620 3671 704 3733 ibi
751 3672 1097 3732 familiarem
1143 3674 1300 3731 inter
1346 3671 1540 3750 Lydos
1588 3680 1647 3732 et
1693 3671 2020 3732 Phoenices
2067 3670 2280 3753 laudat,
2332 3691 2466 3732 cum
2515 3673 2640 3750 ipse

303 3790 366 3831 se
435 3779 671 3832 vocaret
726 3771 978 3850 Lydum,
1047 3770 1315 3831 Cassium
1370 3769 1690 3830 Maximum
1746 3772 1930 3830 fuisse
1984 3769 2359 3831 Phoenicem.
2453 3770 2640 3841 Quem

303 3888 487 3931 unum
553 3870 927 3948 eundemque
994 3888 1125 3930 esse
1190 3878 1369 3949 atque
1429 3868 1749 3928 Maximum
1810 3868 2053 3948 Tyrium
2110 3868 2249 3929 Otto
2305 3868 2638 3929 Hirschfeld

302 3962 623 4052 putavit²)‚
679 3970 738 4027 in
800 3986 975 4046 quem
1033 3970 1252 4046 optime
1311 3967 1604 4046 quadrant
1660 3985 1808 4045 quae
1858 3968 2161 4046 praedicat
2206 3970 2270 4026 Α.
2320 3967 2391 4026 de
2440 3966 2639 4027 Cassio

302 4085 412 4126 suo
460 4066 740 4127 Maximo:
788 4084 842 4144 p.
890 4064 949 4146 2,
988 4063 1071 4127 27
1119 4059 1285 4147 πρὸς
1332 4059 1406 4126 σὲ
1452 4057 1572 4126 τὸν
1623 4056 1797 4125 οὕτω
1845 4058 1966 4144 μὲν
2018 4058 2249 4126 δεινὸν
2298 4063 2506 4125 εἰπεῖν
2554 4056 2643 4135 ὡς

303 4156 492 4226 οὔπω
547 4186 645 4240 τις
701 4162 794 4237 εἰς
849 4155 1260 4241 ἀνθρώπους
1312 4162 1447 4226 τῶν
1495 4156 1835 4245 Ἑλλήνων
1892 4162 2268 4245 παρῆλθεν,
2333 4155 2508 4225 οὕτω
2567 4154 2638 4224 δὲ

492 4402 542 4469 1)
580 4400 795 4455 Plinius
838 4418 923 4469 ep.
964 4400 1044 4454 111
1081 4406 1129 4455 5.
1205 4397 1427 4456 cassius
1465 4402 1572 4457 Dio
1611 4369 1811 4456 'Lxxu
1850 4406 1935 4456 23.

486 4484 541 4548 2)
582 4481 660 4536 Cf.
699 4482 909 4535 Kranae
948 4499 1004 4551 p.
1041 4481 1185 4536 VIII.
1226 4482 1315 4537 IX.
1388 4481 1549 4537 Fabr.
1586 4481 1724 4537 bibl.
1760 4499 1842 4551 gr.
1880 4481 2034 4537 Harl.
2074 4479 2124 4533 V
2163 4486 2282 4548 262,
2311 4495 2363 4535 v.
