3200 5167
1234 407 1707 473 —139-

297 593 418 653 Pol.
457 589 655 655 571ss
688 613 793 673 sq.
822 588 926 675 (cf.
973 612 1029 672 p.
1072 585 1249 674 114).
1333 591 1455 651 Art.
1514 598 1713 651 autem
1770 581 2261 670 φαντασμάτων
2319 583 2428 650 καὶ
2487 583 2627 650 ἐνυ-

300 689 516 753 πνίων
574 712 723 773 quae
782 694 1005 752 somnia
1053 691 1199 751 nihil
1247 689 1581 768 significent
1637 689 1873 748 easdem
1928 706 2135 748 causas
2182 705 2311 747 esse
2367 706 2626 766 pronun·

302 792 410 850 tiat
455 783 559 873 (cf.
598 811 653 870 p.
698 785 872 873 136).
924 822 1000 834 -—-
1052 790 1237 850 Porro
1305 787 1460 866 quod
1532 788 1842 847 confirmat
1900 806 2030 847 esse
2094 786 2512 847 divinationem
2567 788 2628 846 in

303 890 573 969 somniiS‚
633 907 823 968 neque
873 896 1068 949 autem
1132 905 1369 948 causam
1416 887 1615 947 dicere
1664 885 1786 946 vult
1835 893 1936 946 aut
1981 887 2206 966 nequit,
2253 885 2364 945 hoe
2412 887 2629 964 optime

301 992 497 1063 potest
532 987 794 1048 conferri
831 1006 967 1048 eum
1007 986 1249 1047 Stoicis:
1297 985 1414 1046 Cic.
1453 985 1508 1045 d.
1546 984 1602 1044 d.
1640 984 1664 1043 Ι
1698 979 1808 1045 15:
1855 986 1985 1045 Non
2025 1002 2272 1064 quaero,
2309 1002 2440 1057 cur,
2486 1000 2628 1057 quo-

303 1087 483 1159 niam,
523 1089 674 1160 quid
707 1089 960 1161 eveniat,
1001 1088 1311 1160 intelleyae
1347 1086 1461 1145 hoc
1497 1101 1629 1144 sum
1666 1089 1997 1158 contentus,
2036 1086 2199 1158 quod
2228 1086 2477 1156 etiamsi,
2516 1100 2633 1142 cur

306 1184 570 1257 quidque
617 1188 853 1245 eveniat
907 1188 1204 1260 iqnorem,
1262 1186 1412 1258 quid
1448 1186 1565 1256 fiat
1610 1185 1903 1257 intelleqo.
2008 1180 2253 1260 Vtrique
2309 1182 2492 1260 igitur
2537 1198 2631 1239 ex·

302 1280 627 1357 perientiae
677 1274 933 1365 (πεϊρα)
982 1283 1330 1341 auctoritate
1379 1281 1669 1342 nituntur.

480 1377 682 1458 Neque
741 1398 976 1441 omnem
1032 1379 1450 1439 divinationem
1506 1377 1718 1455 probat
1764 1379 1826 1437 A.
1839 1426 1856 1459 ‚
1923 1378 2024 1438 sed
2082 1378 2361 1439 nonnulla
2417 1397 2631 1458 genera

246 1549 250 1553 .
303 1478 501 1558 reicit3
548 1480 620 1538 cf.
657 1497 716 1557 p.
757 1475 902 1559 161,
932 1471 1183 1561 20sq.1)
1231 1474 1378 1557 213,
1406 1471 1516 1537 25:
1564 1476 1622 1536 id
1672 1477 1828 1555 quod
1878 1475 2093 1537 Stoicis
2140 1495 2375 1557 quoque
2433 1478 2627 1538 decre·

305 1583 431 1636 tum
478 1584 598 1637 est:
647 1576 764 1637 Cic.
804 1577 857 1638 d.
897 1576 951 1637 d.
990 1573 1200 1637 1132:
1261 1578 1438 1636 Nunc
1494 1579 1599 1637 illa
1656 1577 1968 1663 testabor,
2004 1595 2124 1638 non
2182 1594 2276 1637 me
2318 1579 2634 1651 sortileqos

299 1692 493 1749 neque
567 1692 666 1736 eos
739 1679 847 1751 qui
918 1681 1203 1750 quaestus
1276 1692 1468 1735 eausa
1539 1676 1949 1747 hariolentur,
2020 1694 2097 1736 ne
2172 1677 2635 1752 psychomantia

300 1775 569 1848 quidem,
617 1776 834 1849 quibus
880 1766 1173 1855 Appius2)
1222 1776 1452 1835 amicus
1500 1779 1639 1833 tuus
1684 1775 1778 1832 uti
1816 1775 2048 1833 solebat
2092 1791 2454 1848 aynoseere:
2517 1791 2635 1834 non

303 1874 495 1934 habeo
543 1875 800 1947 denique
845 1876 1037 1934 nauci
1083 1873 1360 1934 Marsum
1407 1888 1731 1947 auyurem,
1793 1888 1911 1931 non
1958 1874 2210 1932 vicanos
2264 1874 2638 1948 haruspiceS,

300 1988 421 2030 non
469 1973 543 2031 de
590 1973 759 2031 circo
808 1974 1160 2045 astroloqos‚
1209 1989 1329 2032 non
1380 1969 1614 2031 Isiacos
1663 1972 2063 2050 coniectores,
2112 1987 2230 2029 non
2279 1973 2638 2047 interpretes

299 2072 694 2130 somniorum:
751 2086 870 2129 non
929 2072 1085 2130 enim
1130 2076 1272 2129 sunt
1331 2072 1380 2128 ii
1424 2075 1531 2128 aut
1583 2071 1842 2128 seientia
1897 2075 2007 2128 aut
2061 2074 2198 2129 arte
2253 2070 2459 2129 divini.
2551 2067 2635 2127 Ne

303 2173 500 2226 autem
565 2166 941 2248 haereamuS,
1008 2167 1164 2246 quod
1236 2166 1421 2227 Stoici
1492 2184 1610 2227 non
1684 2168 1952 2227 habeant
2021 2169 2213 2227 nauci
2280 2169 2637 2245 interpretes

303 2266 696 2327 somniorum:
763 2284 865 2325 eos
912 2268 1161 2344 castigat
1207 2264 1441 2346 Cicero,
1507 2267 1612 2343 qui
1667 2274 1949 2343 quaestus
2006 2283 2181 2325 causa
2236 2264 2445 2325 fallunt
2500 2284 2636 2326 eon-

306 2361 600 2424 sulentes:
646 2365 763 2423 vim
811 2365 1177 2425 somniorum
1222 2372 1383 2424 certe
1429 2363 1699 2442 probant.

491 2461 616 2521 Alia
692 2463 1053 2523 Artemidori
1128 2462 1199 2522 de
1283 2464 1527 2522 somniis
1608 2462 1823 2541 placita
1887 2461 2263 2522 Aristotelem
2343 2464 2639 2540 respicere

299 2658 727 2729 Neoplatonicis
774 2680 884 2717 non
923 2663 1147 2717 stetisse
1183 2660 1598 2716 Artemidorum
1635 2692 1706 2702 —
1742 2661 1789 2715 si
1828 2661 2050 2731 Synesii
2085 2662 2299 2731 placita
2333 2662 2442 2717 toti
2482 2662 2640 2718 scho-

304 2739 392 2793 lae
434 2739 739 2797 attribuere
777 2741 941 2796 nobis
978 2740 1127 2796 licet.
1205 2741 1359 2807 Quae
1400 2741 1547 2794 enim
1586 2739 1882 2811 praedicat
1920 2742 2181 2811 Synesius
2229 2743 2304 2811 (p.
2337 2748 2437 2797 149
2457 2742 2528 2810 B;
2568 2744 2638 2798 cf.

303 2817 407 2872 Od.
445 2817 574 2872 XIX
603 2823 758 2890 565):
796 2823 1058 2892 Penelope
1094 2838 1217 2876 vero
1255 2822 1410 2892 apud
1446 2821 1746 2876 Homerum
1783 2823 1925 2876 duas
1960 2823 2293 2876 somniorum
2325 2827 2518 2890 portas
2551 2824 2639 2877 in—

303 2900 461 2953 ducit
497 2901 845 2973 affirmatque
890 2903 1184 2958 dimidium
1230 2919 1335 2957 esse
1377 2903 1588 2970 fallax,
1636 2902 1894 2972 quoniam
1938 2903 2269 2957 somniorum
2311 2904 2642 2973 sapientiam

300 2995 415 3032 non
461 2981 719 3047 habebat,·
763 2985 813 3038 si
858 2983 1000 3037 enim
1046 2989 1216 3038 artem
1261 2985 1390 3038 scite
1436 2983 1511 3037 ad
1555 2982 1687 3037 haec
1730 2983 2032 3050 habuisset,
2079 2983 2265 3037 omnia
2313 2986 2500 3054 utique
2538 3001 2641 3054 per

303 3064 520 3128 portam
549 3077 798 3118 corneam
827 3065 1178 3126 traduoeisset,
1207 3064 1400 3133 aperte
1431 3063 1636 3118 docent
1659 3078 1988 3132 persuasum
2016 3061 2070 3116 ei
2097 3061 2283 3130 fuisse,
2307 3062 2494 3116 omnia
2510 3080 2643 3117 vera

317 3155 439 3192 esse
475 3140 720 3212 somnia3
761 3144 957 3196 contra
985 3141 1050 3197 A.
1079 3144 1262 3196 totum
1290 3159 1467 3211 genus
1495 3145 1560 3196 ut
1586 3142 1669 3197 nil
1697 3142 2020 3212 significans
2049 3142 2297 3197 excludit
2333 3138 2638 3212 (ἐνύπνια).

306 3217 492 3272 Multo
530 3226 717 3275 autem
757 3223 1008 3291 graviuS,
1057 3239 1125 3275 ex
1169 3238 1296 3277 mea
1333 3222 1554 3290 quidem
1595 3224 1900 3292 sententia,
1947 3226 2335 3293 argumentum
2371 3223 2546 3276 habes
2584 3225 2641 3276 in

305 3297 395 3352 his
426 3298 645 3367 Synesii
682 3301 891 3356 verbis:
937 3307 1034 3357 153
1054 3302 1126 3357 B:
1173 3305 1427 3374 Plerique
1464 3303 1632 3358 libros
1660 3306 1728 3359 de
1763 3305 2110 3359 observantia
2145 3305 2474 3358 somniorum
2502 3304 2641 3358 eius·

304 3379 454 3434 modi
488 3381 687 3436 multos
732 3390 1145 3451 composuerunt
1154 3405 1176 3452 ;
1231 3399 1324 3452 eqo
1370 3388 1549 3438 autem
1594 3385 1725 3440 haee
1769 3385 1957 3439 omnia
2000 3386 2168 3439 rideo.
2244 3383 2446 3439 Censet
2493 3384 2641 3437 enim

303 3460 565 3527 Synesius
601 3462 898 3530 unicnique
927 3463 1042 3517 alia
1070 3461 1376 3533 significari
1404 3461 1615 3518 eisdem
1645 3463 1845 3535 signis;
1889 3480 2021 3518 sane
2049 3464 2170 3518 Art.
2202 3479 2419 3532 quoque
2448 3467 2641 3518 monet

300 3557 373 3594 ne
412 3539 467 3593 in
507 3540 945 3613 interpretandis
982 3545 1116 3600 visis
1155 3545 1241 3600 sui
1278 3545 1543 3613 cuiusque
1579 3561 1780 3612 mores,
1820 3545 1995 3612 aetas,
2033 3561 2236 3612 genus,
2278 3543 2413 3598 ordo
2450 3545 2640 3613 negle-

299 3621 591 3689 gerentur,
629 3624 817 3678 tamen
855 3642 1060 3695 magno
1098 3643 1133 3680 a
1170 3626 1402 3696 Synesio
1430 3623 1729 3680 intervallo
1764 3640 1821 3677 se
1851 3622 2060 3677 distare
2097 3622 2222 3692 ipso
2251 3621 2423 3678 libros
2461 3624 2641 3677 oniro-

305 3700 529 3754 criticos
569 3704 966 3758 conscribendo
1005 3705 1266 3760 ostendit.

484 3793 537 3860 1)
567 3792 649 3845 Ex
677 3794 783 3848 hoc
812 3795 936 3847 loco
970 3795 1116 3849 effici
1146 3796 1349 3865 potest,
1370 3811 1483 3847 non
1501 3792 1678 3847 fuisse
1704 3810 1828 3846 eum
1849 3792 2403 3863 Neopythagoreum=
2435 3795 2644 3848 etenim

309 3869 488 3939 ipsius
528 3872 754 3940 quidem
792 3872 1148 3944 Pythagorae
1188 3875 1495 3943 discipulos
1534 3873 1892 3944 antiquorum
1931 3873 2187 3928 nonnulli
2223 3874 2644 3945 Pythagoricos,

300 3950 502 4003 horum
558 3969 689 4006 vero
747 3951 1049 4021 discipulos
1106 3954 1514 4024 Pythagoreos,
1577 3954 1887 4023 sapientiae
1958 3953 2198 4023 denique
2254 3956 2642 4025 Pythagoreae

299 4029 551 4085 aemulos
589 4030 1016 4101 Pythagoristas
1053 4036 1338 4088 vocarunt.
1414 4032 1474 4087 Si
1510 4032 1688 4103 igitur
1723 4034 1847 4103 ipse
1885 4049 1920 4087 a
1958 4034 2331 4103 Pythagoreis
2372 4036 2639 4103 stetisset,

300 4110 453 4163 haud
502 4110 880 4181 vituperasset
943 4110 1075 4175 τοὺς
1132 4116 1584 4183 Πυθαγορίστας.
1672 4116 1846 4170 Porro
1906 4114 2365 4185 Neopythagorei
2421 4133 2641 4170 omnem

300 4189 710 4245 divinationem
748 4192 1028 4248 ducebant
1066 4210 1101 4247 a
1139 4194 1522 4264 daemonibus,
1559 4196 1766 4266 (Zeller
1795 4196 1872 4249 III
1887 4196 1951 4250 b⁸
1980 4201 2064 4250 91.
2096 4197 2362 4266 139.144)
2399 4195 2458 4248 id
2495 4196 2643 4265 quod

297 4271 734 4339 haudquaquam
781 4271 842 4325 in
888 4273 1139 4328 nostrum
1179 4275 1594 4330 Artemidorum
1646 4278 1909 4345 quadrat3
1961 4275 2160 4330 deinde
2199 4275 2377 4330 utitur
2414 4276 2640 4345 quidem

298 4351 368 4403 A.
405 4354 649 4405 numeris
699 4352 773 4406 ad
824 4354 1248 4423 interpretanda
1302 4357 1519 4410 somnia
1570 4357 1764 4427 (1170)
1814 4374 1995 4425 neque
2054 4358 2242 4410 autem
2294 4356 2528 4424 mystice
2582 4360 2645 4411 ut

296 4430 656 4500 Pythagorei.

478 4520 533 4587 2)
571 4518 653 4574 cf.
693 4520 935 4590 Teuffel,
972 4520 1036 4574 R..
1066 4522 1125 4577 L.
1157 4521 1250 4579 Gr.⁵
1288 4529 1318 4589 ξ
1352 4531 1469 4579 199.
