3200 5167
1502 326 1984 390 —142-

578 525 785 587 porum
834 507 1036 587 Apollo
1082 507 1218 568 talis
1258 507 1563 568 videbatur
1602 509 1662 567 in
1701 507 1985 587 religione
2035 514 2094 567 et
2130 507 2504 588 mythologia,
2550 515 2746 568 tamen
2794 507 2911 566 vim

483 615 496 625 ·
576 609 722 686 eius,
772 625 919 686 quae
968 614 1059 688 est
1105 608 1193 666 vis
1239 606 1407 687 luciS,
1456 606 1735 666 dirimere
1773 608 1834 666 in
1873 605 2133 685 singulas
2170 614 2370 685 partes
2409 601 2628 686 op‘time
2668 606 2916 685 quadrat

576 707 637 764 in
676 704 1074 785 philosophOS,
1102 707 1475 784 potissimum
1516 707 1576 764 in
1607 704 1856 765 Stoicos,
1914 704 2086 765 Corn.
2119 701 2221 785 66,
2263 701 2327 764 l:
2369 694 2456 766 'A.
2493 698 2602 765 καὶ
2631 695 2914 781 Παιήων

577 794 824 881 ἐκλήθη
874 796 981 862 καὶ
1032 794 1256 883 ἰατρὸς
1311 796 1538 875 ἔδοξεν
1596 792 1786 863 εἶναι.
1835 801 2088 862 Macrob.
2130 812 2235 880 sat.
2274 802 2298 861 Ι
2345 823 2394 864 c.
2436 801 2537 882 17,
2568 800 2678 863 13:
2745 804 2913 863 Idem

580 893 846 983 (Apollo)
892 907 1111 962 auctor
1158 909 1245 962 est
1292 907 1351 961 et
1387 903 1676 977 publicae
1720 904 2050 977 sospitam,
2099 919 2280 976 quam
2327 905 2606 962 creditur
2650 904 2743 962 sol
2784 903 2913 960 ani-

578 1000 883 1058 mantibus
931 1006 1257 1075 praestare
1316 1002 1603 1075 temperie
1650 1017 1699 1058 e.
1748 1017 1801 1077 q.
1851 1018 1897 1058 s.
1989 998 2071 1057 De
2129 998 2393 1077 Apolline
2453 1006 2519 1059 ut
2584 998 2705 1058 sole
2768 998 2912 1057 haec

580 1095 768 1155 habeo
816 1096 1103 1174 proferre.
1196 1097 1369 1157 Corn.
1410 1092 1512 1176 65,
1554 1093 1620 1156 l:
1669 1089 2011 1157 Ἀπόλλων
2069 1087 2104 1157 ὃ
2163 1087 2351 1176 ἥλιός
2405 1092 2600 1158 ἐστιν.
2693 1095 2812 1156 Cic.
2859 1096 2911 1156 d.

578 1201 694 1254 nat.
734 1194 787 1253 d.
825 1193 877 1253 II
908 1192 1010 1255 68.
1058 1194 1337 1275 Heraclit,
1376 1195 1540 1273 alleg.
1579 1194 1741 1255 hom.
1778 1214 1904 1274 cap.
1937 1192 1970 1253 7
2022 1189 2317 1278 (Muenzel
2355 1214 2412 1273 p.
2444 1189 2539 1278 7):
2578 1191 2791 1256 ἐκεῖνο
2841 1186 2916 1253 δὲ

577 1282 614 1351 ὃ
682 1287 750 1353 ἐκ
816 1288 932 1371 τῆς
997 1285 1315 1373 ἡμετέρας
1381 1291 1672 1365 εἰκασίας
1737 1284 2104 1372 ἀναγκαῖον
2172 1291 2397 1374 εἰπεῖν,
2472 1285 2555 1355 οὐ
2617 1285 2916 1372 παρήσω,

581 1384 844 1462 δεικνὺς
893 1381 993 1451 ὅτι
1039 1384 1148 1451 καὶ
1194 1381 1351 1452 καθ’
1388 1383 1681 1471 Ὅμηρον
1732 1381 1933 1463 αὐτός
1978 1386 2156 1452 ἐστιν
2177 1382 2513 1453 Ἀπόλλων
2559 1385 2670 1451 καὶ
2706 1383 2916 1469 ἥλιος·

576 1485 773 1549 τοῦτο
843 1481 916 1549 δὲ
974 1486 1034 1548 εἰ
1085 1487 1333 1562 λεπτῶς
1398 1484 1616 1549 ἐθέλει
1680 1496 1952 1549 σκοπεῖν
2016 1509 2116 1562 τις
2170 1485 2234 1563 ἐξ
2292 1481 2605 1551 ἁπάντων
2651 1480 2915 1570 εὑρήσει

577 1584 711 1647 τῶν
779 1582 1104 1648 ἐπιθέτων
1160 1580 1520 1670 γνώριμον.
1614 1586 1913 1648 Secuntur
1978 1588 2189 1648 deinde
2264 1589 2566 1667 complura
2631 1587 2916 1667 Apollinis

580 1683 882 1765 attributa,
922 1685 1140 1764 quibus
1178 1685 1503 1747 Homerum
1539 1672 1786 1765 'quoque
1826 1685 2153 1764 Apollinem
2193 1696 2252 1747 et
2290 1687 2470 1747 solem
2512 1704 2694 1747 unum
2733 1685 2914 1744 idem-

580 1802 694 1862 que
757 1802 977 1844 numen
1037 1792 1276 1863 putasse
1325 1783 1766 1862 comprobetur.
1861 1784 2139 1845 Ceterum
2196 1787 2309 1846 iam
2357 1784 2520 1844 Plato
2577 1787 2638 1844 in
2686 1782 2914 1861 Cratylo

579 1877 780 1944 405ss
821 1901 908 1962 sq.
966 1882 1251 1961 Apollinis
1297 1885 1416 1943 vim
1465 1884 1683 1942 variam
1732 1883 2036 1961 praedicat
2082 1885 2389 1963 variasque
2438 1885 2695 1944 nominis
2743 1883 2916 1959 origi-

583 1982 851 2041 nationes
899 1980 1104 2061 habet,
1158 1983 1359 2042 nescio
1407 2000 1481 2042 an
1529 1998 1678 2041 usus
1726 1981 1943 2062 ironia,
2001 1989 2068 2042 ut
2113 1981 2277 2042 ludat
2322 1981 2457 2050 talia
2506 1999 2650 2042 vana
2699 1980 2918 2060 studia3

579 2077 660 2137 ibi
706 2078 1013 2142 derivatur
1059 2098 1274 2141 nomen
1314 2080 1599 2160 Apollinis
1641 2077 1715 2138 ab
1753 2068 2016 2140 ἁπλοῦν
2057 2082 2092 2139 i.
2123 2099 2173 2140 e.
2212 2073 2476 2159 ἀληθές,
2525 2097 2643 2157 quo
2680 2079 2916 2137 nomine

581 2179 869 2237 vertimur
928 2178 998 2237 ad
1056 2174 1410 2258 μαντικήν,
1473 2178 1687 2239 deinde
1748 2176 1820 2236 ab
1881 2168 1983 2237 ἀεὶ
2030 2169 2298 2256 βάλλων
2344 2211 2430 2220 -
2470 2169 2604 2239 Ἀπ.
2650 2169 2921 2254 τοξότης

586 2309 660 2317 —
713 2284 837 2336 tum
886 2275 958 2335 ab
1007 2269 1367 2340 ἀπολούων
1414 2309 1497 2319 -
1543 2266 1679 2335 Ἀπ.
1721 2267 1943 2355 ἰατρός
1996 2309 2068 2316 -
2123 2276 2379 2355 denique
2428 2275 2500 2336 ab
2549 2266 2920 2358 ὁμοπολῶν,

583 2393 699 2452 quo
749 2374 1089 2452 delegamur
1137 2375 1207 2435 ad
1257 2378 1558 2438 musicam.

760 2472 879 2533 Nec
929 2492 1045 2533 non
1094 2474 1164 2533 de
1204 2474 1515 2534 Minerva
1543 2465 1593 2555 ¹)
1642 2475 2022 2533 consentiunt
2069 2474 2191 2534 Art.
2240 2483 2300 2533 et
2339 2473 2524 2533 Stoici
2572 2473 2922 2551 scriptores3

581 2570 834 2651 appellat
870 2573 1027 2631 enim
1066 2571 1131 2633 A.
1168 2591 1294 2633 eam
1335 2564 1674 2652 φρόνησιν
1712 2564 1889 2654 (133,
1941 2567 2039 2634 13.
2085 2568 2233 2653 257,
2269 2566 2377 2654 17)
2424 2572 2699 2650 idemque
2745 2568 2922 2630 habet

583 2668 881 2729 Cornutus
905 2668 1259 2751 Stoicus33,
1278 2667 1375 2730 10.
1405 2668 1636 2731 Heracl.
1658 2669 1823 2748 alleg.
1845 2671 1999 2732 hom.
2020 2670 2109 2730 ed.
2140 2670 2304 2731 Gale:
2323 2667 2472 2751 435,
2485 2665 2617 2732 485
2631 2688 2715 2748 sq.
2754 2667 2922 2728 Plato

585 2787 820 2847 quoque
876 2767 1197 2829 Minervam
1261 2786 1397 2828 cum
1451 2765 1547 2853 νῷ
1597 2769 1688 2829 vel
1735 2761 2064 2850 φρονήσει
2120 2768 2550 2848 quodammodo
2607 2767 2925 2844 connectit,

583 2867 809 2927 derivat
839 2869 1022 2927 enim:
1055 2860 1312 2947 Θεονόη
1331 2900 1405 2909 -
1425 2862 1681 2928 Θεονόα
1704 2858 2077 2945 -Ἠθονόη
2103 2900 2175 2908 -
2196 2857 2449 2945 Ἀθηνᾶ
2467 2860 2759 2926 Crat.407
2778 2864 2924 2940 Asq.

584 2964 766 3024 Porro
840 2965 1043 3024 eadem
1104 2965 1364 3025 Minerva
1430 2965 1739 3025 confertur
1805 2985 1938 3025 cum
1998 2972 2174 3025 terra.
2230 2965 2354 3025 Art.
2410 2961 2561 3044 133,
2613 2960 2725 3024 15;
2789 2955 2924 3020 Καὶ

582 3070 902 3141 γεωργοῖς
949 3055 1201 3143 ἀγαθή·
1246 3061 1364 3124 τὸν
1412 3056 1540 3143 γὰρ
1590 3053 1796 3124 αὐτὸν
1851 3060 1930 3144 τῇ
1987 3067 2071 3143 γῇ
2130 3054 2334 3142 λόγον
2382 3061 2535 3142 ἔχει,
2580 3052 2671 3133 ὥς
2717 3072 2927 3138 φασιν

586 3156 656 3218 οἰ
693 3152 1079 3238 φιλόσοφοι.
1151 3158 1356 3239 Neque
1386 3160 1498 3220 hoc
1529 3180 1560 3220 a
1592 3160 1932 3222 Stoicorum
1971 3162 2283 3221 sententiis
2312 3161 2610 3238 discrepat
2665 3152 2928 3241 (Heracl.

585 3256 674 3316 all.
714 3256 869 3317 hom.
907 3274 962 3334 p.
992 3254 1140 3317 444.
1188 3257 1377 3318 Zeller
1416 3253 1574 3318 llla3
1615 3254 1762 3340 325,
1794 3254 1877 3341 3).
1955 3259 2122 3330 Quod
2181 3259 2243 3319 A.
2291 3259 2387 3319 hic
2435 3259 2579 3318 dicit
2627 3253 2704 3318 οἱ
2737 3251 2919 3335 φιλό-

585 3368 790 3435 σοφοι
856 3373 975 3414 non
1042 3363 1133 3415 est
1198 3357 1657 3438 neglegendum3
1729 3360 1948 3417 etenim
2015 3358 2292 3435 quoniam
2351 3390 2424 3397 —
2490 3374 2619 3415 meo
2686 3354 2923 3433 quidem

584 3452 803 3512 iudicio
848 3486 923 3495 —
975 3453 1085 3512 soli
1141 3454 1327 3516 Stoici
1386 3455 1497 3516 hoc
1553 3454 1802 3535 habent,
1860 3454 2015 3533 quod
2064 3453 2386 3514 Minervam
2441 3461 2509 3513 ut
2563 3461 2781 3513 terram
2839 3454 2927 3511 in-

589 3558 1017 3632 terpretantur,
1077 3552 1307 3613 Stoicos
1356 3554 1451 3614 hic
1501 3553 1755 3633 appellat
1803 3545 1983 3625 τούς
2029 3546 2451 3632 φιλοσόφους
2495 3554 2532 3611 i.
2572 3570 2620 3611 e.
2669 3551 2927 3629 philoso-

585 3648 734 3726 phos
780 3639 927 3709 κατ’
981 3644 1241 3730 ἐξοχήν·
1292 3650 1612 3711 verisimile
1661 3652 1844 3729 igitur
1891 3651 2151 3730 videtur,
2199 3652 2394 3729 ipsum
2442 3668 2647 3711 eorum
2695 3649 2929 3728 placitis

585 3747 883 3807 addictum
932 3747 1132 3808 fuisse.

765 3845 884 3905 lam
941 3848 1207 3907 venimus
1264 3848 1337 3908 ad
1391 3845 1541 3930 πῦρ
1599 3845 1976 3926 αἰθέριον
2033 3849 2187 3928 quod
2245 3849 2309 3908 A.
2366 3857 2637 3909 numerat
2691 3849 2752 3906 in
2800 3847 2930 3906 deis

587 3945 858 4025 olympiis
905 3944 995 4004 vel
1053 3945 1331 4006 aetheriis
1385 3943 1527 4027 130,
1558 3943 1640 4006 21
1667 3965 1752 4025 sq.
1799 3944 1903 4027 92,
1945 3944 2057 4009 12:
2113 3941 2262 4028 περὶ
2306 3944 2427 4008 τοῦ
2474 3943 2681 4023 πυρὸς
2727 3940 2929 4025 διπλῇ

589 4043 669 4125 τῇ
706 4045 921 4126 κρίσει
968 4040 1260 4123 χρῆσθαι
1296 4041 1514 4117 καλῶς
1558 4043 1710 4125 ἔχει,
1754 4042 1845 4127 πῇ
1893 4039 2015 4125 μὲν
2063 4035 2151 4119 ὡς
2186 4039 2336 4127 περὶ
2371 4036 2754 4122 οὐρανίου
2797 4035 2930 4102 καὶ

769 4207 823 4276 1)
859 4207 923 4259 In
955 4222 1020 4259 eo
1050 4205 1216 4275 libro,
1245 4223 1409 4276 quem
1439 4207 1507 4262 de
1535 4208 1791 4263 Minerva
1818 4207 2042 4277 scripsit
2070 4206 2349 4275 Diogenes
2369 4205 2709 4275 Babylonius
2732 4237 2795 4246 —
2816 4203 2930 4261 Cic.

590 4289 641 4344 d.
666 4305 719 4343 n.
742 4288 793 4341 d.
815 4286 927 4339 141
953 4316 1018 4325 —
1040 4287 1263 4355 partum
1298 4287 1447 4342 Iovis
1488 4291 1784 4357 ortumque
1823 4287 2058 4357 virginis
2096 4288 2169 4342 ad
2205 4285 2621 4357 physiologiam
2656 4285 2931 4360 traduxit3

590 4371 722 4424 inde
761 4366 1003 4437 cogitari
1040 4364 1179 4420 licet
1215 4368 1274 4420 et
1301 4367 1650 4423 Heraclitum
1687 4371 1748 4422 et
1776 4368 2079 4423 Cornutum
2109 4384 2251 4436 quae
2289 4368 2359 4422 de
2386 4365 2640 4422 Minerva
2675 4366 2766 4420 vel
2800 4367 2933 4421 Vul-

589 4466 731 4505 cano
770 4448 1068 4518 proferant
1104 4447 1422 4516 sumpsisse.
