3200 5167
1507 347 1980 414 ——144-

586 536 748 616 iungi
794 543 1059 616 possunt,
1108 535 1384 613 quoniam
1432 534 1680 594 deorum
1726 533 1971 592 nuntius
2016 528 2211 592 cultus
2253 541 2360 594 est.
2395 566 2470 575 —-
2505 530 2588 594 Ne
2628 541 2823 594 autem
2862 532 2924 593 in

588 653 854 695 errorem
899 634 1201 695 inducaris
1241 634 1349 694 hoc
1398 632 1524 693 loco
1562 628 1667 711 43,
1705 628 1775 691 4:
1821 622 1895 690 τὸ
1945 627 2211 692 αἰδοῖον
2251 630 2464 693 ἔοικε.
2498 682 2510 693 .
2541 681 2554 693 .
2601 625 2778 710 λόγῳ
2817 624 2928 691 καὶ

586 732 872 817 παιδείᾳ,
918 724 1021 794 ὅτι
1067 724 1525 812 γονιμώτατον
1572 721 1847 789 πάντων
1893 720 1967 789 τὸ
2010 720 2276 789 αἰδοῖόν
2314 725 2516 810 ἐστιν,
2563 721 2782 809 ὥσπερ
2818 724 2928 790 καὶ

588 821 623 891 ὃ
674 823 888 909 λόγος.
963 820 1177 889 Εἶδον
1225 822 1300 889 δὲ
1336 822 1445 888 καὶ
1494 822 1567 887 ἐν
1606 818 1932 907 Κυλλήνῃ
1980 818 2345 906 γενόμενος
2382 819 2629 909 Ἑρμοῦ
2666 820 2928 908 ἄγαλμα

585 920 787 990 οὐδὲν
840 922 1004 988 ἄλλο
1065 916 1106 1006 ἢ
1168 924 1431 987 αι’δοῖον
1490 920 2151 1006 δεδημιουργημένον
2216 918 2395 1010 λόγῳ
2452 922 2586 988 τινὶ
2648 924 2927 1011 φυσικῷ.

586 1027 755 1088 Ν11113
811 1026 922 1086 1166
978 1024 1108 1085 loco
1163 1023 1483 1085 intercedit
1537 1024 1696 1083 inter
1753 1023 2115 1083 Mercurium
2174 1031 2233 1083 et
2278 1018 2484 1103 λόγον
2532 1018 2927 1109 (sermonem)

588 1128 764 1205 ratio;
813 1124 916 1184 sed
964 1124 1101 1183 inde
1150 1123 1220 1182 ab
1270 1113 1454 1183 εἶδον
1500 1114 1575 1182 δὲ
1621 1114 1732 1181 καὶ
1776 1123 1892 1181 13111
1932 1139 2146 1181 novum
2188 1125 2558 1184 enuntiatum
2596 1126 2821 1205 incipit,
2866 1126 2930 1182 in

588 1242 705 1302 quo
752 1222 1028 1302 declarat,
1077 1223 1272 1281 inesse
1321 1224 1382 1280 in
1420 1219 1716 1280 Mercurio
1757 1222 2048 1280 rationem
2096 1222 2385 1298 quandam
2426 1222 2779 1283 naturalem:
2826 1221 2927 1282 sed

588 1322 699 1381 hoc
749 1324 939 1400 ipsum
989 1321 1059 1381 ad
1110 1319 1344 1380 Stoicos
1392 1327 1636 1397 spectat.
1848 1308 1851 1312 ’

767 1420 916 1479 Tres
973 1419 1196 1479 formae
1247 1418 1464 1478 Stoicis
1520 1425 1690 1476 erant
1735 1415 2050 1476 Veneris.
2116 1416 2287 1477 Corn.
2327 1416 2431 1500 46,
2471 1418 2540 1480 4:
2587 1410 2929 1498 οὐρανία

752 1511 1162 1596 πάνδημος
1205 1565 1218 1577 .
1260 1565 1273 1578 .
1313 1565 1325 1577 .
1368 1515 1679 1577 ποντία.
1799 1515 1923 1576 Art.
1988 1534 2123 1575 cum
2190 1519 2277 1576 eis
2342 1520 2721 1578 consentiens
2786 1518 2930 1577 11366

592 1615 837 1694 praebet
887 1612 1045 1694 142,
1083 1612 1259 1694 9sq.:
1319 1605 1359 1695 ἡ
1411 1607 1485 1675 δὲ
1551 1606 1889 1694 οὐρανία
1954 1605 2031 1673 τὰ
2080 1610 2349 1676 ἐναντία
2415 1620 2495 1697 τῇ
2558 1608 2934 1699 πανδήμῳ

596 1712 903 1795 σημαίνει
929 1761 942 1773 .
972 1761 986 1774 .
1019 1762 1031 1772 .
1081 1703 1467 1794 Ἀφροδίτη.
1500 1762 1513 1774 .
1547 1702 1587 1791 ἡ
1648 1711 1926 1790 πελαγία
1972 1720 2030 1771 61
2070 1731 2124 1790 q.
2164 1731 2207 1772 5.
2222 1708 2272 1794 ¹)
2360 1713 2512 1774 Sane
2559 1715 2668 1775 hae
2716 1716 2935 1774 formae

601 1814 847 1873 traditae
896 1821 1066 1872 erant
1112 1814 1173 1871 in
1222 1811 1606 1892 mythologia3
1663 1828 1856 1889 neque
1914 1812 2070 1870 enim
2127 1814 2253 1870 veri
2308 1822 2398 1873 est
2455 1813 2645 1873 simile
2706 1812 2935 1873 Stoicos

600 1914 734 1971 novi
782 1911 1103 1990 quidquam
1152 1910 1439 1989 attulisse,
1488 1908 1590 1969 sed
1642 1927 1790 1986 quae
1841 1909 2260 1970 confirmarent
2298 1930 2370 1971 ex
2408 1913 2538 1989 ipso
2588 1911 2751 1973 cultu
2798 1911 2937 1971 hau-

594 2013 770 2090 sisse3
834 2011 976 2068 satis
1042 2018 1238 2068 tamen
1298 2010 1516 2068 mirum
1575 2007 1837 2090 videtur,
1894 2008 2048 2087 quod
2113 2018 2315 2069 noster
2362 2009 2426 2069 A.
2476 2011 2533 2068 in
2583 2012 2935 2089 interpreta-

594 2112 753 2169 tione
802 2109 1167 2169 somniorum
1221 2140 1296 2149 --
1350 2126 1457 2167 nec
1506 2105 1690 2165 multa
1738 2105 1810 2164 de
1859 2105 1987 2164 deis
2034 2106 2181 2166 dixit
2232 2140 2306 2149 —-
2358 2108 2464 2167 has
2512 2110 2670 2186 ipsas
2718 2109 2936 2168 formas

593 2216 758 2268 notat
795 2215 862 2266 ut
892 2205 1112 2284 Stoici3
1153 2213 1396 2283 apparet
1432 2204 1568 2264 inde
1611 2220 1721 2280 pro
1761 2212 1924 2263 certo
1966 2223 2099 2263 eum
2141 2205 2531 2285 mythologiae
2571 2207 2834 2272 studiose
2874 2225 2937 2264 se

594 2305 828 2365 dedisse
886 2312 961 2383 et,
1008 2320 1142 2363 cum
1191 2302 1347 2362 haud
1395 2303 1602 2380 paucis
1650 2301 1795 2361 locis
1843 2301 2048 2361 eadem
2094 2310 2273 2382 atque
2322 2305 2511 2366 Stoici
2554 2306 2767 2384 placita
2803 2324 2935 2384 pro-

594 2405 770 2483 ferat,
827 2401 1158 2480 Stoicique,
1226 2408 1291 2460 ut
1347 2419 1528 2479 supra
1576 2399 1724 2479 dixi,
1781 2401 1952 2459 enixe
2001 2419 2241 2478 operam
2289 2405 2559 2463 navarint
2605 2403 2936 2482 theologiae

494 2537 503 2548 κ
595 2511 770 2582 atque
831 2499 1221 2580 mythologiae
1279 2497 1688 2578 explicandae,
1753 2515 1949 2557 nonne
2007 2499 2240 2559 videtur
2305 2501 2623 2561 verisimile
2690 2520 2721 2561 e
2784 2502 2938 2562 Stoi·

594 2619 800 2660 corum
848 2599 1175 2677 disciplina,
1223 2616 1373 2675 quae
1422 2603 1689 2676 censeat,
1734 2596 1800 2656 A.
1844 2594 2164 2657 hausisse?

772 2697 993 2757 Deinde
1023 2695 1238 2756 Veneri
1275 2687 1695 2778 (Ἀφροδίτῃ)
1745 2701 1812 2753 111
1851 2713 2002 2773 quae
2049 2713 2120 2754 ex
2160 2696 2312 2775 Asia,
2362 2695 2464 2755 ubi
2501 2697 2735 2757 Astarte
2782 2696 2940 2757 culta

595 2806 716 2877 651,
765 2799 825 2856 111
872 2796 1178 2856 Graeciam
1234 2795 1577 2872 migraverit
1612 2826 1684 2835 -—
1721 2792 1989 2871 CurtiuS,
2036 2811 2122 2871 gr.
2162 2793 2371 2854 Gesch.
2410 2788 2592 2855 1⁶48
2641 2828 2712 2837 —
2759 2795 2942 2873 frugi-

599 2898 720 2955 fera
760 2895 1044 2975 quaedam
1086 2895 1174 2953 vis
1212 2895 1392 2974 inest3
1444 2893 1516 2953 cf.
1557 2892 1730 2953 Corn.
1769 2887 1873 2970 45,
1914 2888 1979 2953 3:
2023 2883 2106 2951 'A.
2148 2887 2227 2952 δέ
2257 2886 2437 2954 ἐστιν
2475 2884 2516 2969 ἡ
2556 2888 2945 2972 συνάγουσα

593 2987 669 3054 τὸ
718 2985 925 3073 άῤῥεν
980 2985 1090 3051 καὶ
1137 2983 1211 3050 τὸ
1256 2988 1438 3069 θῆλυ
1486 2983 1788 3069 δύναμις.
1882 2989 2106 3049 Similia
2161 2991 2426 3050 invenies
2487 2991 2641 3069 apud
2690 2991 2944 3052 Artemi-

598 3092 807 3150 dorum
857 3111 909 3168 p.
945 3085 1231 3168 142,11:
1286 3081 1598 3149 Μάλιστα
1649 3080 1723 3148 δὲ
1771 3078 1992 3165 ἀγαθὴ
2040 3080 2206 3168 πρὸς
2256 3081 2509 3167 γάμους
2553 3084 2662 3149 καὶ
2709 3110 2947 3152 κοινω-

596 3187 742 3259 νίας
798 3181 907 3247 καὶ
963 3179 1126 3263 πρὸς
1182 3180 1432 3246 τέκνων
1479 3179 1717 3265 γονήν·
1768 3182 2215 3268 συνδυασμῶν
2263 3178 2389 3267 γὰρ
2455 3180 2563 3247 καὶ
2612 3183 2944 3266 ἐπιγόνων

600 3280 780 3346 ἐστὶν
819 3282 1023 3344 αἰτία·
1075 3275 1297 3361 ἀγαθὴ
1342 3277 1416 3343 δὲ
1451 3279 1562 3344 καὶ
1600 3290 1945 3362 γεωργοῖς·
1993 3277 2193 3362 φύσις
2239 3276 2364 3363 γὰρ
2402 3279 2512 3344 καὶ
2558 3282 2771 3365 μήτηρ
2808 3283 2945 3347 τῶν

600 3374 777 3444 ὅλων
824 3374 996 3443 εἶναι
1044 3374 1448 3461 νενόμισται.
1524 3381 1714 3442 Zeller
1751 3374 1904 3440 111a⁸
1940 3378 2097 3461 332,
2136 3379 2191 3442 8.

780 3480 1166 3541 Vulcanum
1224 3482 1420 3558 ignem
1478 3497 1610 3539 esse
1658 3481 1771 3540 iam
1825 3497 2001 3556 supra
2058 3478 2281 3540 dictum
2331 3490 2421 3541 est
2468 3500 2526 3560 p.
2572 3478 2719 3563 1433
2784 3500 2945 3541 nunc

599 3598 668 3638 ex
708 3578 772 3637 A.
821 3587 880 3638 et
919 3577 1180 3637 Cornuto
1229 3577 1390 3637 locos
1429 3578 1546 3637 huc
1586 3578 1956 3655 pertinentes
1993 3578 2259 3659 afferam3
2305 3578 2428 3639 Art.
2464 3576 2606 3660 142,
2636 3577 2749 3642 281
2779 3571 2942 3659 “Hm

593 3670 674 3736 τὰ
728 3669 848 3753 μὲν
906 3667 1073 3735 αὐτὰ
1134 3678 1226 3759 τῷ
1292 3669 1451 3757 πυρὶ
1509 3673 1848 3753 σημαίνει,
1917 3669 2011 3747 οἱς
2067 3667 2128 3734 δ’
2196 3668 2301 3736 ἐπὶ
2355 3670 2430 3737 τὸ
2488 3678 2797 3739 πλεῖστον
2853 3670 2944 3737 τὰ

594 3765 902 3853 κρυπτὰ
960 3768 1269 3853 ἐλέγχει
1324 3769 1433 3844 καὶ
1488 3766 1775 3853 μάλιστα
1832 3771 2125 3852 μοιχείας
2183 3767 2293 3833 διὰ
2350 3767 2473 3853 τὴν
2528 3768 2679 3856 περὶ
2734 3766 2944 3835 αὐτὸν

599 3870 917 3950 ἱστορίαν.
974 3871 1146 3931 Corn.
1178 3868 1280 3952 34,
1313 3870 1398 3933 12
1418 3890 1532 3951 sq.:
1589 3861 1692 3930 ‘'H.
1751 3863 2090 3930 δεδεκέναι
2151 3865 2510 3950 μυθεύεται
2566 3866 2685 3934 τὸν
2716 3864 2945 3952 ”Αρην.

613 4018 670 4031 ..
702 4018 715 4030 .
746 4018 759 4030 .
793 3962 867 4032 τὸ
928 3962 1057 4049 γὰρ
1112 3966 1245 4051 πῦρ
1302 3955 1355 4052 ᾧ
1409 3973 1701 4050 χρῶνται
1756 3965 1831 4028 αἱ
1889 3964 2142 4048 τέχναι,
2208 3964 2537 4050 συνεργὸν
2594 3963 2758 4049 πρὸς
2815 3965 2943 4051 τὴν

599 4060 942 4142 ἀπόδειξιν
1005 4064 1123 4147 τῆς
1182 4065 1472 4147 φυσικῆς
1525 4065 1663 4128 τῶν
1725 4058 2109 4147 ἀνθρώπων
2176 4057 2518 4150 ἀγχινοίας
2574 4064 2946 4149 γενόμενον

598 4160 819 4246 ὥσπερ
866 4162 1425 4247 κεκρυμμένην
1474 4155 1686 4244 αὐτὴν
1734 4162 1847 4236 εἰς
1894 4162 2053 4244 φῶς
2098 4161 2561 4246 προήγαγεν.

760 4257 903 4324 ”En
957 4256 1066 4323 καὶ
1122 4256 1243 4341 τὴν
1299 4255 1756 4343 Δημήτερα,
1812 4264 2007 4341 inquit
2061 4263 2144 4344 Α.,
2195 4262 2347 4345 144,
2381 4263 2493 4347 32,
2551 4263 2629 4348 τῇ
2685 4272 2769 4349 γῇ
2823 4287 2946 4329 τον

780 4394 832 4461 1)
871 4391 1021 4444 Duas
1057 4390 1267 4446 formas
1305 4390 1463 4446 novit
1499 4392 1663 4448 Plato
1700 4391 1760 4444 in
1798 4391 2075 4458 convivio,
2112 4411 2165 4461 p.
2202 4398 2301 4446 180
2324 4391 2394 4446 D:
2434 4389 2674 4462 οὐρανία
2705 4426 2766 4433 -
2799 4381 2946 4449 πάνέ

601 4474 793 4542 δημος,
836 4473 892 4527 et
928 4470 1180 4541 Xenoph.
1222 4488 1379 4526 conv.
1420 4476 1469 4538 8,
1512 4478 1558 4525 9.
