<?xml version="1.0" encoding="UTF-8"?>
<!DOCTYPE html PUBLIC "-//W3C//DTD XHTML 1.0 Transitional//EN"
    "http://www.w3.org/TR/xhtml1/DTD/xhtml1-transitional.dtd">
<html xmlns="http://www.w3.org/1999/xhtml" xml:lang="en" lang="en">
 <head>
  <title>
</title>
<meta http-equiv="Content-Type" content="text/html;charset=utf-8" />
  <meta name='ocr-system' content='tesseract 3.04.00' />
  <meta name='ocr-capabilities' content='ocr_page ocr_carea ocr_par ocr_line ocrx_word'/>
</head>
<body>
  <div class='ocr_page' id='page_1' title='image "./deartemidorodal00reicgoog_0032.png"; bbox 0 0 3200 5167; ppageno 0'>
   <div class='ocr_carea' id='block_1_1' title="bbox 1493 364 1978 429">
    <p class='ocr_par' dir='ltr' id='par_1_1' title="bbox 1493 364 1978 429">
     <span class='ocr_line' id='line_1_1' title="bbox 1493 364 1978 429; baseline 0.002 -1"><span class='ocrx_word' id='word_1_1' title='bbox 1493 364 1978 429; x_wconf 43' lang='lat'>*138-</span> 
     </span>
    </p>
   </div>
   <div class='ocr_carea' id='block_1_2' title="bbox 572 545 2911 2695">
    <p class='ocr_par' dir='ltr' id='par_1_2' title="bbox 572 545 2910 2203">
     <span class='ocr_line' id='line_1_2' title="bbox 751 545 2909 626; baseline -0 -20"><span class='ocrx_word' id='word_1_2' title='bbox 751 546 972 607; x_wconf 91' lang='lat' dir='ltr'><em>Deinde</em></span> <span class='ocrx_word' id='word_1_3' title='bbox 1029 546 1211 608; x_wconf 90' lang='lat' dir='ltr'><em>Stoici</em></span> <span class='ocrx_word' id='word_1_4' title='bbox 1263 565 1526 626; x_wconf 85' lang='lat' dir='ltr'><em>quoque,</em></span> <span class='ocrx_word' id='word_1_5' title='bbox 1592 553 1660 606; x_wconf 88' lang='lat' dir='ltr'><em>ut</em></span> <span class='ocrx_word' id='word_1_6' title='bbox 1715 548 1831 606; x_wconf 87' lang='lat' dir='ltr'><em>iam</em></span> <span class='ocrx_word' id='word_1_7' title='bbox 1888 564 2066 624; x_wconf 86' lang='lat' dir='ltr'><em>supra</em></span> <span class='ocrx_word' id='word_1_8' title='bbox 2126 547 2274 626; x_wconf 84' lang='lat' dir='ltr'>dixi,</span> <span class='ocrx_word' id='word_1_9' title='bbox 2340 545 2407 605; x_wconf 89' lang='lat' dir='ltr'><em>ad</em></span> <span class='ocrx_word' id='word_1_10' title='bbox 2469 546 2715 606; x_wconf 90' lang='lat' dir='ltr'><em>deorum</em></span> <span class='ocrx_word' id='word_1_11' title='bbox 2771 564 2909 625; x_wconf 84' lang='lat' dir='ltr'><em>erga</em></span> 
     </span>
     <span class='ocr_line' id='line_1_3' title="bbox 576 643 2908 724; baseline -0 -21"><span class='ocrx_word' id='word_1_12' title='bbox 576 645 846 704; x_wconf 89' lang='lat' dir='ltr'><em>homines</em></span> <span class='ocrx_word' id='word_1_13' title='bbox 894 663 1150 705; x_wconf 89' lang='lat' dir='ltr'><em>amorem</em></span> <span class='ocrx_word' id='word_1_14' title='bbox 1201 653 1373 724; x_wconf 86' lang='lat' dir='ltr'><em>atque</em></span> <span class='ocrx_word' id='word_1_15' title='bbox 1421 644 1851 722; x_wconf 85' lang='lat' dir='ltr'><em>providentiam</em></span> <span class='ocrx_word' id='word_1_16' title='bbox 1890 644 2250 705; x_wconf 88' lang='lat' dir='ltr'><em>rettulerunt</em></span> <span class='ocrx_word' id='word_1_17' title='bbox 2297 646 2520 704; x_wconf 89' lang='lat' dir='ltr'><em>somnia</em></span> <span class='ocrx_word' id='word_1_18' title='bbox 2559 651 2735 722; x_wconf 82' lang='lat' dir='ltr'><em>atque</em></span> <span class='ocrx_word' id='word_1_19' title='bbox 2774 643 2908 703; x_wconf 88' lang='lat' dir='ltr'><em>deo-</em></span> 
     </span>
     <span class='ocr_line' id='line_1_4' title="bbox 576 727 2908 822; baseline -0.001 -18"><span class='ocrx_word' id='word_1_20' title='bbox 576 761 710 804; x_wconf 89' lang='lat' dir='ltr'><em>rum</em></span> <span class='ocrx_word' id='word_1_21' title='bbox 748 743 998 822; x_wconf 86' lang='lat' dir='ltr'><em>appulsu</em></span> <span class='ocrx_word' id='word_1_22' title='bbox 1040 746 1333 805; x_wconf 88' lang='lat' dir='ltr'><em>somniare</em></span> <span class='ocrx_word' id='word_1_23' title='bbox 1371 744 1640 804; x_wconf 88' lang='lat' dir='ltr'><em>homines</em></span> <span class='ocrx_word' id='word_1_24' title='bbox 1679 750 2070 804; x_wconf 83' lang='lat' dir='ltr'><em>censuerunt:</em></span> <span class='ocrx_word' id='word_1_25' title='bbox 2109 743 2226 804; x_wconf 88' lang='lat' dir='ltr'><em>Cic.</em></span> <span class='ocrx_word' id='word_1_26' title='bbox 2266 727 2337 802; x_wconf 90' lang='lat' dir='ltr'><em>de</em></span> <span class='ocrx_word' id='word_1_27' title='bbox 2378 743 2491 804; x_wconf 90' lang='lat' dir='ltr'><em>div.</em></span> <span class='ocrx_word' id='word_1_28' title='bbox 2529 742 2554 802; x_wconf 94' lang='lat' dir='ltr'>I</span> <span class='ocrx_word' id='word_1_29' title='bbox 2593 738 2705 803; x_wconf 83' lang='lat'><em>64:</em></span> <span class='ocrx_word' id='word_1_30' title='bbox 2745 743 2908 802; x_wconf 82' lang='lat' dir='ltr'><em>Posi-</em></span> 
     </span>
     <span class='ocr_line' id='line_1_5' title="bbox 575 843 2909 919; baseline -0.001 -17"><span class='ocrx_word' id='word_1_31' title='bbox 575 844 791 903; x_wconf 82' lang='lat' dir='ltr'><em>donius</em></span> <span class='ocrx_word' id='word_1_32' title='bbox 846 845 1041 903; x_wconf 84' lang='lat' dir='ltr'><em>tribus</em></span> <span class='ocrx_word' id='word_1_33' title='bbox 1094 846 1283 904; x_wconf 81' lang='lat' dir='ltr'><em>modis</em></span> <span class='ocrx_word' id='word_1_34' title='bbox 1347 849 1550 904; x_wconf 78' lang='lat' dir='ltr'><em>censet</em></span> <span class='ocrx_word' id='word_1_35' title='bbox 1614 844 1863 903; x_wconf 82' lang='lat' dir='ltr'><em>deorum</em></span> <span class='ocrx_word' id='word_1_36' title='bbox 1928 845 2182 919; x_wconf 81' lang='lat' dir='ltr'><em>appulsu</em></span> <span class='ocrx_word' id='word_1_37' title='bbox 2246 844 2513 902; x_wconf 81' lang='lat' dir='ltr'><em>homines</em></span> <span class='ocrx_word' id='word_1_38' title='bbox 2574 843 2909 901; x_wconf 84' lang='lat' dir='ltr'><em>somniare:</em></span> 
     </span>
     <span class='ocr_line' id='line_1_6' title="bbox 576 942 2907 1018; baseline -0.002 -17"><span class='ocrx_word' id='word_1_39' title='bbox 576 958 694 1001; x_wconf 87' lang='lat' dir='ltr'><em>uno</em></span> <span class='ocrx_word' id='word_1_40' title='bbox 754 943 919 1015; x_wconf 80' lang='lat' dir='ltr'><em>quod</em></span> <span class='ocrx_word' id='word_1_41' title='bbox 970 945 1295 1018; x_wconf 82' lang='lat' dir='ltr'><em>provideat</em></span> <span class='ocrx_word' id='word_1_42' title='bbox 1359 944 1593 1003; x_wconf 84' lang='lat' dir='ltr'><em>animus</em></span> <span class='ocrx_word' id='word_1_43' title='bbox 1650 944 1777 1017; x_wconf 79' lang='lat' dir='ltr'><em>ipse</em></span> <span class='ocrx_word' id='word_1_44' title='bbox 1828 959 1945 1017; x_wconf 85' lang='lat' dir='ltr'><em>per</em></span> <span class='ocrx_word' id='word_1_45' title='bbox 2007 959 2164 1015; x_wconf 79' lang='lat' dir='ltr'><em>sese,</em></span> <span class='ocrx_word' id='word_1_46' title='bbox 2231 944 2452 1018; x_wconf 82' lang='lat' dir='ltr'><em>quippe</em></span> <span class='ocrx_word' id='word_1_47' title='bbox 2510 943 2617 1015; x_wconf 80' lang='lat' dir='ltr'><em>qui</em></span> <span class='ocrx_word' id='word_1_48' title='bbox 2660 942 2907 999; x_wconf 85' lang='lat' dir='ltr'><em>deorum</em></span> 
     </span>
     <span class='ocr_line' id='line_1_7' title="bbox 579 1041 2906 1115; baseline -0.001 -16"><span class='ocrx_word' id='word_1_49' title='bbox 579 1043 941 1114; x_wconf 59' lang='lat' dir='ltr'><em>coenatione</em></span> <span class='ocrx_word' id='word_1_50' title='bbox 989 1047 1295 1115; x_wconf 84' lang='lat' dir='ltr'><em>teneatur,</em></span> <span class='ocrx_word' id='word_1_51' title='bbox 1354 1044 1546 1101; x_wconf 89' lang='lat' dir='ltr'><em>altero</em></span> <span class='ocrx_word' id='word_1_52' title='bbox 1593 1042 1758 1114; x_wconf 81' lang='lat' dir='ltr'><em>quod</em></span> <span class='ocrx_word' id='word_1_53' title='bbox 1796 1042 2013 1115; x_wconf 82' lang='lat' dir='ltr'><em>plenus</em></span> <span class='ocrx_word' id='word_1_54' title='bbox 2050 1044 2162 1099; x_wconf 84' lang='lat' dir='ltr'><em>ae&#39;r</em></span> <span class='ocrx_word' id='word_1_55' title='bbox 2198 1042 2277 1100; x_wconf 82' lang='lat' dir='ltr'><em>sit</em></span> <span class='ocrx_word' id='word_1_56' title='bbox 2314 1041 2738 1100; x_wconf 79' lang='lat' dir='ltr'><em>immortalium</em></span> <span class='ocrx_word' id='word_1_57' title='bbox 2778 1041 2906 1098; x_wconf 90' lang='lat' dir='ltr'><em>ani-</em></span> 
     </span>
     <span class='ocr_line' id='line_1_8' title="bbox 574 1141 2908 1214; baseline -0.001 -16"><span class='ocrx_word' id='word_1_58' title='bbox 574 1154 836 1212; x_wconf 89' lang='lat' dir='ltr'><em>morum,</em></span> <span class='ocrx_word' id='word_1_59' title='bbox 895 1143 955 1199; x_wconf 88' lang='lat' dir='ltr'><em>in</em></span> <span class='ocrx_word' id='word_1_60' title='bbox 1009 1141 1224 1214; x_wconf 82' lang='lat' dir='ltr'><em>quibus</em></span> <span class='ocrx_word' id='word_1_61' title='bbox 1272 1146 1577 1214; x_wconf 80' lang='lat' dir='ltr'><em>tamquam</em></span> <span class='ocrx_word' id='word_1_62' title='bbox 1635 1141 1961 1214; x_wconf 68' lang='lat' dir='ltr'><em>insiqnitae</em></span> <span class='ocrx_word' id='word_1_63' title='bbox 2006 1145 2186 1199; x_wconf 90' lang='lat' dir='ltr'><em>notae</em></span> <span class='ocrx_word' id='word_1_64' title='bbox 2231 1141 2505 1198; x_wconf 85' lang='lat' dir='ltr'><em>veritatis</em></span> <span class='ocrx_word' id='word_1_65' title='bbox 2552 1143 2908 1213; x_wconf 78' lang='lat' dir='ltr'><em>appareant,</em></span> 
     </span>
     <span class='ocr_line' id='line_1_9' title="bbox 577 1234 2909 1314; baseline -0.001 -19"><span class='ocrx_word' id='word_1_66' title='bbox 577 1238 756 1297; x_wconf 87' lang='lat' dir='ltr'><em>tertio</em></span> <span class='ocrx_word' id='word_1_67' title='bbox 803 1239 967 1311; x_wconf 82' lang='lat' dir='ltr'><em>quod</em></span> <span class='ocrx_word' id='word_1_68' title='bbox 1010 1240 1128 1314; x_wconf 81' lang='lat' dir='ltr'><em>ipsi</em></span> <span class='ocrx_word' id='word_1_69' title='bbox 1172 1240 1239 1298; x_wconf 80' lang='lat' dir='ltr'><em>cli</em></span> <span class='ocrx_word' id='word_1_70' title='bbox 1282 1256 1418 1298; x_wconf 86' lang='lat' dir='ltr'><em>eum</em></span> <span class='ocrx_word' id='word_1_71' title='bbox 1458 1239 1889 1297; x_wconf 80' lang='lat' dir='ltr'><em>dormientibus</em></span> <span class='ocrx_word' id='word_1_72' title='bbox 1927 1239 2369 1311; x_wconf 80' lang='lat' dir='ltr'><em>colloquantur.</em></span> <span class='ocrx_word' id='word_1_73' title='bbox 2442 1234 2589 1294; x_wconf 84' lang='lat' dir='ltr'><em>Tres</em></span> <span class='ocrx_word' id='word_1_74' title='bbox 2629 1234 2716 1293; x_wconf 95' lang='lat' dir='ltr'><em>illi</em></span> <span class='ocrx_word' id='word_1_75' title='bbox 2753 1234 2909 1294; x_wconf 89' lang='lat' dir='ltr'><em>modi</em></span> 
     </span>
     <span class='ocr_line' id='line_1_10' title="bbox 574 1333 2908 1416; baseline -0 -23"><span class='ocrx_word' id='word_1_76' title='bbox 574 1335 688 1394; x_wconf 87' lang='lat' dir='ltr'><em>etsi</em></span> <span class='ocrx_word' id='word_1_77' title='bbox 733 1335 887 1414; x_wconf 85' lang='lat' dir='ltr'><em>apud</em></span> <span class='ocrx_word' id='word_1_78' title='bbox 935 1334 1373 1396; x_wconf 77' lang='lat' dir='ltr'><em>Artemidorum</em></span> <span class='ocrx_word' id='word_1_79' title='bbox 1429 1354 1547 1395; x_wconf 93' lang='lat' dir='ltr'><em>non</em></span> <span class='ocrx_word' id='word_1_80' title='bbox 1596 1342 1760 1416; x_wconf 87' lang='lat' dir='ltr'><em>sunt,</em></span> <span class='ocrx_word' id='word_1_81' title='bbox 1816 1342 2012 1394; x_wconf 87' lang='lat' dir='ltr'><em>tamen</em></span> <span class='ocrx_word' id='word_1_82' title='bbox 2068 1333 2199 1394; x_wconf 89' lang='lat' dir='ltr'><em>illos</em></span> <span class='ocrx_word' id='word_1_83' title='bbox 2256 1352 2429 1394; x_wconf 88' lang='lat' dir='ltr'><em>nosse</em></span> <span class='ocrx_word' id='word_1_84' title='bbox 2486 1333 2632 1393; x_wconf 86' lang='lat' dir='ltr'><em>mihi</em></span> <span class='ocrx_word' id='word_1_85' title='bbox 2678 1333 2908 1392; x_wconf 89' lang='lat' dir='ltr'><em>videtur</em></span> 
     </span>
     <span class='ocr_line' id='line_1_11' title="bbox 572 1431 2906 1512; baseline -0.001 -20"><span class='ocrx_word' id='word_1_86' title='bbox 572 1434 651 1512; x_wconf 89' lang='lat' dir='ltr'><em>is,</em></span> <span class='ocrx_word' id='word_1_87' title='bbox 699 1451 875 1511; x_wconf 90' lang='lat' dir='ltr'><em>quem</em></span> <span class='ocrx_word' id='word_1_88' title='bbox 922 1433 1096 1493; x_wconf 88' lang='lat' dir='ltr'><em>modo</em></span> <span class='ocrx_word' id='word_1_89' title='bbox 1144 1436 1594 1494; x_wconf 88' lang='lat' dir='ltr'><em>commemoravi</em></span> <span class='ocrx_word' id='word_1_90' title='bbox 1643 1452 1761 1494; x_wconf 88' lang='lat' dir='ltr'><em>non</em></span> <span class='ocrx_word' id='word_1_91' title='bbox 1808 1434 1951 1493; x_wconf 87' lang='lat' dir='ltr'><em>satis</em></span> <span class='ocrx_word' id='word_1_92' title='bbox 2000 1432 2155 1493; x_wconf 88' lang='lat' dir='ltr'><em>clare</em></span> <span class='ocrx_word' id='word_1_93' title='bbox 2211 1432 2474 1493; x_wconf 88' lang='lat' dir='ltr'><em>locutum</em></span> <span class='ocrx_word' id='word_1_94' title='bbox 2522 1450 2653 1491; x_wconf 89' lang='lat' dir='ltr'><em>esse</em></span> <span class='ocrx_word' id='word_1_95' title='bbox 2699 1431 2773 1491; x_wconf 88' lang='lat' dir='ltr'><em>de</em></span> <span class='ocrx_word' id='word_1_96' title='bbox 2818 1449 2906 1509; x_wconf 87' lang='lat' dir='ltr'><em>eo,</em></span> 
     </span>
     <span class='ocr_line' id='line_1_12' title="bbox 575 1529 2907 1612; baseline -0.001 -22"><span class='ocrx_word' id='word_1_97' title='bbox 575 1538 862 1609; x_wconf 87' lang='lat' dir='ltr'><em>quantum</em></span> <span class='ocrx_word' id='word_1_98' title='bbox 908 1533 1205 1609; x_wconf 77' lang='lat' dir='ltr'><em>particeps</em></span> <span class='ocrx_word' id='word_1_99' title='bbox 1254 1533 1332 1592; x_wconf 88' lang='lat' dir='ltr'><em>sit</em></span> <span class='ocrx_word' id='word_1_100' title='bbox 1378 1534 1567 1592; x_wconf 89' lang='lat' dir='ltr'><em>anima</em></span> <span class='ocrx_word' id='word_1_101' title='bbox 1617 1532 2023 1612; x_wconf 82' lang='lat' dir='ltr'><em>divinationis3</em></span> <span class='ocrx_word' id='word_1_102' title='bbox 2072 1530 2155 1590; x_wconf 89' lang='lat' dir='ltr'><em>ibi</em></span> <span class='ocrx_word' id='word_1_103' title='bbox 2202 1539 2398 1591; x_wconf 88' lang='lat' dir='ltr'><em>autem</em></span> <span class='ocrx_word' id='word_1_104' title='bbox 2435 1549 2622 1591; x_wconf 91' lang='lat' dir='ltr'><em>unum</em></span> <span class='ocrx_word' id='word_1_105' title='bbox 2667 1529 2907 1589; x_wconf 89' lang='lat' dir='ltr'><em>modum</em></span> 
     </span>
     <span class='ocr_line' id='line_1_13' title="bbox 576 1619 2909 1711; baseline 0 -24"><span class='ocrx_word' id='word_1_106' title='bbox 576 1629 773 1688; x_wconf 83' lang='lat' dir='ltr'><em>affert:</em></span> <span class='ocrx_word' id='word_1_107' title='bbox 839 1626 987 1709; x_wconf 82' lang='lat'><strong>206,</strong></span> <span class='ocrx_word' id='word_1_108' title='bbox 1044 1626 1113 1690; x_wconf 85' lang='lat'><em>9:</em></span> <span class='ocrx_word' id='word_1_109' title='bbox 1192 1619 1226 1690; x_wconf 83' lang='grc' dir='ltr'>ὃ</span> <span class='ocrx_word' id='word_1_110' title='bbox 1293 1627 1451 1703; x_wconf 80' lang='grc' dir='ltr'>θεὸς</span> <span class='ocrx_word' id='word_1_111' title='bbox 1517 1628 1752 1691; x_wconf 82' lang='grc' dir='ltr'><em>δίδωσι</em></span> <span class='ocrx_word' id='word_1_112' title='bbox 1818 1622 1976 1701; x_wconf 77' lang='grc' dir='ltr'><strong>τοὺς</strong></span> <span class='ocrx_word' id='word_1_113' title='bbox 2040 1620 2344 1707; x_wconf 75' lang='grc' dir='ltr'><strong><em>ὀνείρους</em></strong></span> <span class='ocrx_word' id='word_1_114' title='bbox 2403 1626 2482 1711; x_wconf 79' lang='grc' dir='ltr'><em>τῇ</em></span> <span class='ocrx_word' id='word_1_115' title='bbox 2546 1626 2723 1710; x_wconf 83' lang='grc' dir='ltr'><strong><em>ψυχῇ</em></strong></span> <span class='ocrx_word' id='word_1_116' title='bbox 2788 1624 2909 1689; x_wconf 84' lang='grc' dir='ltr'><em>τοῦ</em></span> 
     </span>
     <span class='ocr_line' id='line_1_14' title="bbox 577 1715 2907 1811; baseline -0 -24"><span class='ocrx_word' id='word_1_117' title='bbox 577 1715 871 1807; x_wconf 75' lang='grc' dir='ltr'><strong>ὁρῶντος</strong></span> <span class='ocrx_word' id='word_1_118' title='bbox 917 1719 1116 1806; x_wconf 84' lang='grc' dir='ltr'><em>φύσει</em></span> <span class='ocrx_word' id='word_1_119' title='bbox 1164 1725 1498 1811; x_wconf 77' lang='grc' dir='ltr'><strong><em>μαντικῇ</em></strong></span> <span class='ocrx_word' id='word_1_120' title='bbox 1548 1720 1748 1810; x_wconf 75' lang='grc' dir='ltr'><em>οὔσῃ,</em></span> <span class='ocrx_word' id='word_1_121' title='bbox 1814 1716 1855 1806; x_wconf 81' lang='grc' dir='ltr'>ἢ</span> <span class='ocrx_word' id='word_1_122' title='bbox 1912 1728 1979 1787; x_wconf 81' lang='grc' dir='ltr'><em>εἴ</em></span> <span class='ocrx_word' id='word_1_123' title='bbox 2034 1747 2095 1788; x_wconf 84' lang='grc' dir='ltr'><em>τι</em></span> <span class='ocrx_word' id='word_1_124' title='bbox 2145 1717 2333 1789; x_wconf 73' lang='grc' dir='ltr'><em>ἄλλο</em></span> <span class='ocrx_word' id='word_1_125' title='bbox 2384 1722 2599 1789; x_wconf 81' lang='grc' dir='ltr'><strong><em>ἐστὶν</em></strong></span> <span class='ocrx_word' id='word_1_126' title='bbox 2639 1728 2907 1787; x_wconf 76' lang='grc' dir='ltr'><strong><em>αἴτιον</em></strong></span> 
     </span>
     <span class='ocr_line' id='line_1_15' title="bbox 572 1816 2910 1908; baseline 0 -24"><span class='ocrx_word' id='word_1_127' title='bbox 572 1822 716 1885; x_wconf 85' lang='grc' dir='ltr'><em>τοῦ</em></span> <span class='ocrx_word' id='word_1_128' title='bbox 775 1816 1316 1907; x_wconf 75' lang='grc' dir='ltr'><strong><em>ὀνειρώσσειν.</em></strong></span> <span class='ocrx_word' id='word_1_129' title='bbox 1416 1827 1604 1906; x_wconf 81' lang='lat' dir='ltr'><strong>Negat</strong></span> <span class='ocrx_word' id='word_1_130' title='bbox 1660 1828 1869 1908; x_wconf 85' lang='lat' dir='ltr'><em>igitur,</em></span> <span class='ocrx_word' id='word_1_131' title='bbox 1934 1826 2047 1886; x_wconf 90' lang='lat' dir='ltr'><em>hoc</em></span> <span class='ocrx_word' id='word_1_132' title='bbox 2103 1845 2222 1887; x_wconf 90' lang='lat' dir='ltr'><em>uno</em></span> <span class='ocrx_word' id='word_1_133' title='bbox 2279 1827 2453 1886; x_wconf 89' lang='lat' dir='ltr'><em>modo</em></span> <span class='ocrx_word' id='word_1_134' title='bbox 2514 1844 2644 1886; x_wconf 89' lang='lat' dir='ltr'><em>esse</em></span> <span class='ocrx_word' id='word_1_135' title='bbox 2690 1825 2910 1885; x_wconf 89' lang='lat' dir='ltr'><em>divina-</em></span> 
     </span>
     <span class='ocr_line' id='line_1_16' title="bbox 574 1924 2910 2005; baseline -0 -22"><span class='ocrx_word' id='word_1_136' title='bbox 574 1925 824 2004; x_wconf 84' lang='lat' dir='ltr'><em>tionem,</em></span> <span class='ocrx_word' id='word_1_137' title='bbox 881 1924 983 1985; x_wconf 88' lang='lat' dir='ltr'><em>sed</em></span> <span class='ocrx_word' id='word_1_138' title='bbox 1041 1924 1170 1985; x_wconf 88' lang='lat' dir='ltr'><em>aliis</em></span> <span class='ocrx_word' id='word_1_139' title='bbox 1226 1944 1461 2005; x_wconf 88' lang='lat' dir='ltr'><em>quoque</em></span> <span class='ocrx_word' id='word_1_140' title='bbox 1523 1927 1719 1986; x_wconf 88' lang='lat' dir='ltr'><em>causis</em></span> <span class='ocrx_word' id='word_1_141' title='bbox 1768 1926 2058 1985; x_wconf 88' lang='lat' dir='ltr'><em>somniare</em></span> <span class='ocrx_word' id='word_1_142' title='bbox 2122 1944 2229 1986; x_wconf 90' lang='lat' dir='ltr'><em>nos</em></span> <span class='ocrx_word' id='word_1_143' title='bbox 2277 1929 2480 1985; x_wconf 85' lang='lat' dir='ltr'><em>censet</em></span> <span class='ocrx_word' id='word_1_144' title='bbox 2529 1925 2910 1984; x_wconf 87' lang='lat' dir='ltr'><em>somniantes·</em></span> 
     </span>
     <span class='ocr_line' id='line_1_17' title="bbox 577 2006 2910 2104; baseline -0.001 -21"><span class='ocrx_word' id='word_1_145' title='bbox 577 2042 691 2102; x_wconf 91' lang='lat' dir='ltr'><em>que</em></span> <span class='ocrx_word' id='word_1_146' title='bbox 739 2024 938 2084; x_wconf 86' lang='lat' dir='ltr'><em>futura</em></span> <span class='ocrx_word' id='word_1_147' title='bbox 982 2042 1393 2103; x_wconf 80' lang='lat' dir='ltr'><em>praenoscere.</em></span> <span class='ocrx_word' id='word_1_148' title='bbox 1466 2024 1594 2086; x_wconf 90' lang='lat' dir='ltr'><em>Non</em></span> <span class='ocrx_word' id='word_1_149' title='bbox 1633 2033 1857 2104; x_wconf 84' lang='lat' dir='ltr'><em>pugnat</em></span> <span class='ocrx_word' id='word_1_150' title='bbox 1881 2006 2029 2085; x_wconf 69' lang='lat' dir='ltr'><em>&#39;cum</em></span> <span class='ocrx_word' id='word_1_151' title='bbox 2077 2026 2203 2084; x_wconf 88' lang='lat' dir='ltr'><em>veri</em></span> <span class='ocrx_word' id='word_1_152' title='bbox 2249 2022 2633 2083; x_wconf 86' lang='lat' dir='ltr'><em>similitudine</em></span> <span class='ocrx_word' id='word_1_153' title='bbox 2681 2029 2910 2082; x_wconf 88' lang='lat' dir='ltr'><em>ceteros</em></span> 
     </span>
     <span class='ocr_line' id='line_1_18' title="bbox 581 2121 1592 2203; baseline 0.003 -22"><span class='ocrx_word' id='word_1_154' title='bbox 581 2121 915 2183; x_wconf 89' lang='lat' dir='ltr'><em>Stoicorum</em></span> <span class='ocrx_word' id='word_1_155' title='bbox 962 2123 1169 2183; x_wconf 89' lang='lat' dir='ltr'><em>modos</em></span> <span class='ocrx_word' id='word_1_156' title='bbox 1213 2123 1312 2184; x_wconf 84' lang='lat' dir='ltr'><em>hic</em></span> <span class='ocrx_word' id='word_1_157' title='bbox 1357 2126 1592 2203; x_wconf 88' lang='lat' dir='ltr'><em>respici.</em></span> 
     </span>
    </p>

    <p class='ocr_par' dir='ltr' id='par_1_3' title="bbox 576 2219 2911 2695">
     <span class='ocr_line' id='line_1_19' title="bbox 753 2219 2911 2301; baseline -0.001 -20"><span class='ocrx_word' id='word_1_158' title='bbox 753 2220 974 2281; x_wconf 90' lang='lat' dir='ltr'><em>Deinde</em></span> <span class='ocrx_word' id='word_1_159' title='bbox 1039 2222 1150 2282; x_wconf 91' lang='lat' dir='ltr'><em>hoc</em></span> <span class='ocrx_word' id='word_1_160' title='bbox 1217 2241 1453 2301; x_wconf 84' lang='lat' dir='ltr'><em>quoque</em></span> <span class='ocrx_word' id='word_1_161' title='bbox 1521 2221 1857 2282; x_wconf 88' lang='lat' dir='ltr'><em>Stoicorum</em></span> <span class='ocrx_word' id='word_1_162' title='bbox 1923 2221 2227 2281; x_wconf 88' lang='lat' dir='ltr'><em>decretum</em></span> <span class='ocrx_word' id='word_1_163' title='bbox 2294 2228 2413 2301; x_wconf 85' lang='lat' dir='ltr'><em>est,</em></span> <span class='ocrx_word' id='word_1_164' title='bbox 2478 2219 2634 2298; x_wconf 85' lang='lat' dir='ltr'><em>quod</em></span> <span class='ocrx_word' id='word_1_165' title='bbox 2699 2225 2911 2298; x_wconf 88' lang='lat' dir='ltr'><em>putant</em></span> 
     </span>
     <span class='ocr_line' id='line_1_20' title="bbox 576 2317 2910 2399; baseline -0.001 -19"><span class='ocrx_word' id='word_1_166' title='bbox 576 2321 774 2398; x_wconf 87' lang='lat' dir='ltr'><em>magni</em></span> <span class='ocrx_word' id='word_1_167' title='bbox 821 2338 949 2380; x_wconf 89' lang='lat' dir='ltr'><em>esse</em></span> <span class='ocrx_word' id='word_1_168' title='bbox 997 2321 1281 2380; x_wconf 88' lang='lat' dir='ltr'><em>momenti</em></span> <span class='ocrx_word' id='word_1_169' title='bbox 1328 2320 1396 2379; x_wconf 89' lang='lat' dir='ltr'><em>ad</em></span> <span class='ocrx_word' id='word_1_170' title='bbox 1447 2317 1859 2380; x_wconf 87' lang='lat' dir='ltr'><em>somniandum</em></span> <span class='ocrx_word' id='word_1_171' title='bbox 1906 2322 2175 2399; x_wconf 89' lang='lat' dir='ltr'><em>corporis</em></span> <span class='ocrx_word' id='word_1_172' title='bbox 2221 2326 2455 2379; x_wconf 87' lang='lat' dir='ltr'><em>statum.</em></span> <span class='ocrx_word' id='word_1_173' title='bbox 2530 2317 2648 2378; x_wconf 85' lang='lat' dir='ltr'><em>Cic.</em></span> <span class='ocrx_word' id='word_1_174' title='bbox 2687 2318 2758 2378; x_wconf 88' lang='lat' dir='ltr'><em>de</em></span> <span class='ocrx_word' id='word_1_175' title='bbox 2797 2318 2910 2377; x_wconf 89' lang='lat' dir='ltr'><em>div.</em></span> 
     </span>
     <span class='ocr_line' id='line_1_21' title="bbox 577 2411 2911 2502; baseline -0.001 -24"><span class='ocrx_word' id='word_1_176' title='bbox 577 2415 743 2479; x_wconf 80' lang='lat'>160:</span> <span class='ocrx_word' id='word_1_177' title='bbox 817 2421 987 2492; x_wconf 78' lang='lat' dir='ltr'><em>Quae</em></span> <span class='ocrx_word' id='word_1_178' title='bbox 1033 2411 1201 2502; x_wconf 88' lang='lat' dir='ltr'><em>(vera</em></span> <span class='ocrx_word' id='word_1_179' title='bbox 1250 2412 1504 2502; x_wconf 87' lang='lat' dir='ltr'><em>somnia)</em></span> <span class='ocrx_word' id='word_1_180' title='bbox 1560 2421 1743 2479; x_wconf 90' lang='lat' dir='ltr'><em>multo</em></span> <span class='ocrx_word' id='word_1_181' title='bbox 1792 2421 1981 2494; x_wconf 84' lang='lat' dir='ltr'><em>plura</em></span> <span class='ocrx_word' id='word_1_182' title='bbox 2036 2421 2371 2493; x_wconf 85' lang='lat' dir='ltr'><em>evenirent,</em></span> <span class='ocrx_word' id='word_1_183' title='bbox 2427 2420 2483 2477; x_wconf 87' lang='lat' dir='ltr'><em>si</em></span> <span class='ocrx_word' id='word_1_184' title='bbox 2526 2418 2613 2477; x_wconf 81' lang='lat' dir='ltr'><em>ad</em></span> <span class='ocrx_word' id='word_1_185' title='bbox 2655 2420 2911 2491; x_wconf 80' lang='lat' dir='ltr'><em>quietem</em></span> 
     </span>
     <span class='ocr_line' id='line_1_22' title="bbox 576 2514 2911 2594; baseline -0.001 -17"><span class='ocrx_word' id='word_1_186' title='bbox 576 2521 805 2593; x_wconf 68' lang='lat' dir='ltr'><em>inteyri</em></span> <span class='ocrx_word' id='word_1_187' title='bbox 857 2523 1105 2594; x_wconf 74' lang='lat' dir='ltr'><em>iremuS,</em></span> <span class='ocrx_word' id='word_1_188' title='bbox 1161 2536 1326 2579; x_wconf 86' lang='lat' dir='ltr'><em>nunc</em></span> <span class='ocrx_word' id='word_1_189' title='bbox 1373 2521 1575 2579; x_wconf 84' lang='lat' dir='ltr'><em>onusti</em></span> <span class='ocrx_word' id='word_1_190' title='bbox 1628 2519 1763 2578; x_wconf 84' lang='lat' dir='ltr'><em>cibo</em></span> <span class='ocrx_word' id='word_1_191' title='bbox 1818 2522 1876 2576; x_wconf 90' lang='lat' dir='ltr'><em>et</em></span> <span class='ocrx_word' id='word_1_192' title='bbox 1929 2519 2066 2577; x_wconf 84' lang='lat' dir='ltr'><em>vino</em></span> <span class='ocrx_word' id='word_1_193' title='bbox 2117 2518 2484 2593; x_wconf 82' lang='lat' dir='ltr'><em>perturbata</em></span> <span class='ocrx_word' id='word_1_194' title='bbox 2540 2521 2600 2576; x_wconf 89' lang='lat' dir='ltr'><em>et</em></span> <span class='ocrx_word' id='word_1_195' title='bbox 2654 2514 2911 2591; x_wconf 84' lang='lat' dir='ltr'><em>confusa</em></span> 
     </span>
     <span class='ocr_line' id='line_1_23' title="bbox 576 2608 2909 2695; baseline -0 -19"><span class='ocrx_word' id='word_1_196' title='bbox 576 2620 896 2677; x_wconf 82' lang='lat' dir='ltr'><em>cernimus,</em></span> <span class='ocrx_word' id='word_1_197' title='bbox 989 2615 1254 2694; x_wconf 85' lang='lat' dir='ltr'><em>Respicit</em></span> <span class='ocrx_word' id='word_1_198' title='bbox 1299 2614 1367 2687; x_wconf 86' lang='lat' dir='ltr'><em>Q.</em></span> <span class='ocrx_word' id='word_1_199' title='bbox 1405 2615 1613 2677; x_wconf 88' lang='lat' dir='ltr'><em>Cicero</em></span> <span class='ocrx_word' id='word_1_200' title='bbox 1659 2615 1857 2676; x_wconf 88' lang='lat' dir='ltr'><em>locum</em></span> <span class='ocrx_word' id='word_1_201' title='bbox 1892 2614 2157 2676; x_wconf 87' lang='lat' dir='ltr'><em>Platonis</em></span> <span class='ocrx_word' id='word_1_202' title='bbox 2204 2617 2303 2675; x_wconf 91' lang='lat' dir='ltr'><em>cui</em></span> <span class='ocrx_word' id='word_1_203' title='bbox 2348 2615 2554 2675; x_wconf 89' lang='lat' dir='ltr'><em>eadem</em></span> <span class='ocrx_word' id='word_1_204' title='bbox 2589 2615 2839 2694; x_wconf 87' lang='lat' dir='ltr'><em>placent.</em></span> <span class='ocrx_word' id='word_1_205' title='bbox 2857 2608 2909 2695; x_wconf 89' lang='lat'><em>¹)</em></span> 
     </span>
    </p>
   </div>
   <div class='ocr_carea' id='block_1_3' title="bbox 568 2803 2975 4561">
    <p class='ocr_par' dir='ltr' id='par_1_4' title="bbox 568 2803 2975 4145">
     <span class='ocr_line' id='line_1_24' title="bbox 758 2803 2975 2875; baseline -0.001 -16"><span class='ocrx_word' id='word_1_206' title='bbox 758 2806 809 2875; x_wconf 93' lang='lat'><em>1)</em></span> <span class='ocrx_word' id='word_1_207' title='bbox 849 2805 1140 2861; x_wconf 87' lang='lat' dir='ltr'><em>Consentit</em></span> <span class='ocrx_word' id='word_1_208' title='bbox 1187 2822 1310 2861; x_wconf 87' lang='lat' dir='ltr'><em>cum</em></span> <span class='ocrx_word' id='word_1_209' title='bbox 1360 2805 1596 2860; x_wconf 82' lang='lat' dir='ltr'><em>Platone</em></span> <span class='ocrx_word' id='word_1_210' title='bbox 1645 2803 1905 2875; x_wconf 73' lang='lat' dir='ltr'><em>synesius</em></span> <span class='ocrx_word' id='word_1_211' title='bbox 1954 2804 2237 2875; x_wconf 81' lang='lat' dir='ltr'><em>(Synesius</em></span> <span class='ocrx_word' id='word_1_212' title='bbox 2289 2805 2359 2858; x_wconf 89' lang='lat' dir='ltr'><em>de</em></span> <span class='ocrx_word' id='word_1_213' title='bbox 2395 2804 2702 2860; x_wconf 85' lang='lat' dir='ltr'><em>insomniis.</em></span> <span class='ocrx_word' id='word_1_214' title='bbox 2751 2803 2911 2858; x_wconf 85' lang='lat' dir='ltr'><em>Paris</em></span> <span class='ocrx_word' id='word_1_215' title='bbox 2971 2826 2975 2830; x_wconf 50' lang='lat'><strong>⁴</strong></span> 
     </span>
     <span class='ocr_line' id='line_1_25' title="bbox 577 2884 2913 2955; baseline 0 -17"><span class='ocrx_word' id='word_1_216' title='bbox 577 2886 741 2952; x_wconf 86' lang='lat'><strong>1631)</strong></span> <span class='ocrx_word' id='word_1_217' title='bbox 780 2885 839 2938; x_wconf 88' lang='lat' dir='ltr'><em>in</em></span> <span class='ocrx_word' id='word_1_218' title='bbox 877 2886 985 2941; x_wconf 86' lang='lat' dir='ltr'><em>hae</em></span> <span class='ocrx_word' id='word_1_219' title='bbox 1021 2903 1105 2953; x_wconf 87' lang='lat' dir='ltr'><em>re;</em></span> <span class='ocrx_word' id='word_1_220' title='bbox 1160 2885 1367 2941; x_wconf 81' lang='lat' dir='ltr'><em>etenim</em></span> <span class='ocrx_word' id='word_1_221' title='bbox 1420 2902 1514 2940; x_wconf 87' lang='lat' dir='ltr'><em>eos</em></span> <span class='ocrx_word' id='word_1_222' title='bbox 1560 2885 1969 2953; x_wconf 83' lang='lat' dir='ltr'><em>tantummodo,</em></span> <span class='ocrx_word' id='word_1_223' title='bbox 2029 2884 2124 2953; x_wconf 91' lang='lat' dir='ltr'><em>qui</em></span> <span class='ocrx_word' id='word_1_224' title='bbox 2163 2884 2370 2939; x_wconf 86' lang='lat' dir='ltr'><em>virtute</em></span> <span class='ocrx_word' id='word_1_225' title='bbox 2405 2886 2498 2939; x_wconf 85' lang='lat' dir='ltr'><em>vel</em></span> <span class='ocrx_word' id='word_1_226' title='bbox 2534 2902 2637 2955; x_wconf 87' lang='lat' dir='ltr'><em>per</em></span> <span class='ocrx_word' id='word_1_227' title='bbox 2671 2885 2913 2954; x_wconf 84' lang='lat' dir='ltr'><em>pruden-</em></span> 
     </span>
     <span class='ocr_line' id='line_1_26' title="bbox 574 2964 2912 3035; baseline 0 -16"><span class='ocrx_word' id='word_1_228' title='bbox 574 2966 714 3020; x_wconf 85' lang='lat' dir='ltr'><em>tiam</em></span> <span class='ocrx_word' id='word_1_229' title='bbox 752 2966 843 3021; x_wconf 83' lang='lat' dir='ltr'><em>vel</em></span> <span class='ocrx_word' id='word_1_230' title='bbox 877 2983 980 3035; x_wconf 89' lang='lat' dir='ltr'><em>per</em></span> <span class='ocrx_word' id='word_1_231' title='bbox 1015 2965 1477 3020; x_wconf 84' lang='lat' dir='ltr'><em>consuetudi-nem</em></span> <span class='ocrx_word' id='word_1_232' title='bbox 1506 2964 1785 3032; x_wconf 83' lang='lat' dir='ltr'><em>acquisita</em></span> <span class='ocrx_word' id='word_1_233' title='bbox 1813 2966 1989 3020; x_wconf 87' lang='lat' dir='ltr'><em>vitam</em></span> <span class='ocrx_word' id='word_1_234' title='bbox 2018 2964 2341 3033; x_wconf 83' lang='lat' dir='ltr'><em>instituunt,</em></span> <span class='ocrx_word' id='word_1_235' title='bbox 2381 2964 2662 3020; x_wconf 85' lang='lat' dir='ltr'><em>diviniora</em></span> <span class='ocrx_word' id='word_1_236' title='bbox 2695 2964 2912 3019; x_wconf 82' lang='lat' dir='ltr'><em>visuros</em></span> 
     </span>
     <span class='ocr_line' id='line_1_27' title="bbox 579 3044 2910 3116; baseline -0.001 -15"><span class='ocrx_word' id='word_1_237' title='bbox 579 3062 702 3101; x_wconf 88' lang='lat' dir='ltr'><em>esse</em></span> <span class='ocrx_word' id='word_1_238' title='bbox 739 3046 958 3101; x_wconf 86' lang='lat' dir='ltr'><em>somnia</em></span> <span class='ocrx_word' id='word_1_239' title='bbox 995 3050 1208 3112; x_wconf 84' lang='lat' dir='ltr'><em>censet;</em></span> <span class='ocrx_word' id='word_1_240' title='bbox 1254 3044 1408 3099; x_wconf 87' lang='lat' dir='ltr'><em>ducit</em></span> <span class='ocrx_word' id='word_1_241' title='bbox 1447 3048 1637 3099; x_wconf 86' lang='lat' dir='ltr'><em>autem</em></span> <span class='ocrx_word' id='word_1_242' title='bbox 1671 3044 1951 3100; x_wconf 86' lang='lat' dir='ltr'><em>insomnia</em></span> <span class='ocrx_word' id='word_1_243' title='bbox 1991 3062 2058 3099; x_wconf 86' lang='lat' dir='ltr'><em>ex</em></span> <span class='ocrx_word' id='word_1_244' title='bbox 2097 3047 2477 3116; x_wconf 73' lang='lat' dir='ltr'><em>compluribus</em></span> <span class='ocrx_word' id='word_1_245' title='bbox 2516 3045 2791 3100; x_wconf 82' lang='lat' dir='ltr'><em>fontibus:</em></span> <span class='ocrx_word' id='word_1_246' title='bbox 2829 3048 2910 3098; x_wconf 89' lang='lat' dir='ltr'><em>ab</em></span> 
     </span>
     <span class='ocr_line' id='line_1_28' title="bbox 574 3122 2914 3196; baseline 0 -16"><span class='ocrx_word' id='word_1_247' title='bbox 574 3126 792 3182; x_wconf 90' lang='lat' dir='ltr'><em>idolis</em></span> <span class='ocrx_word' id='word_1_248' title='bbox 832 3132 904 3196; x_wconf 89' lang='lat' dir='ltr'><em>(p.</em></span> <span class='ocrx_word' id='word_1_249' title='bbox 939 3129 1036 3180; x_wconf 81' lang='lat'><em>151</em></span> <span class='ocrx_word' id='word_1_250' title='bbox 1060 3126 1139 3179; x_wconf 91' lang='lat' dir='ltr'><em>D:</em></span> <span class='ocrx_word' id='word_1_251' title='bbox 1180 3143 1216 3179; x_wconf 89' lang='lat' dir='ltr'><em>a</em></span> <span class='ocrx_word' id='word_1_252' title='bbox 1251 3127 1410 3180; x_wconf 82' lang='lat' dir='ltr'><em>rebus</em></span> <span class='ocrx_word' id='word_1_253' title='bbox 1447 3127 1589 3181; x_wconf 84' lang='lat' dir='ltr'><em>enim</em></span> <span class='ocrx_word' id='word_1_254' title='bbox 1626 3127 1837 3192; x_wconf 79' lang='lat' dir='ltr'><em>futuris</em></span> <span class='ocrx_word' id='word_1_255' title='bbox 1870 3127 2023 3181; x_wconf 84' lang='lat' dir='ltr'><em>idola</em></span> <span class='ocrx_word' id='word_1_256' title='bbox 2060 3128 2383 3182; x_wconf 77' lang='lat' dir='ltr'><em>obumbrata</em></span> <span class='ocrx_word' id='word_1_257' title='bbox 2419 3127 2784 3196; x_wconf 74' lang='lat' dir='ltr'><em>imayinesque</em></span> <span class='ocrx_word' id='word_1_258' title='bbox 2820 3122 2914 3180; x_wconf 80' lang='lat' dir='ltr'><em>ob·-</em></span> 
     </span>
     <span class='ocr_line' id='line_1_29' title="bbox 574 3203 2911 3276; baseline -0.003 -14"><span class='ocrx_word' id='word_1_259' title='bbox 574 3225 768 3262; x_wconf 83' lang='lat' dir='ltr'><em>seurae</em></span> <span class='ocrx_word' id='word_1_260' title='bbox 790 3207 1110 3276; x_wconf 80' lang='lat' dir='ltr'><em>procedunt,</em></span> <span class='ocrx_word' id='word_1_261' title='bbox 1138 3207 1400 3261; x_wconf 83' lang='lat' dir='ltr'><em>nimirum</em></span> <span class='ocrx_word' id='word_1_262' title='bbox 1427 3223 1540 3261; x_wconf 84' lang='lat' dir='ltr'><em>non</em></span> <span class='ocrx_word' id='word_1_263' title='bbox 1559 3213 1623 3261; x_wconf 86' lang='lat' dir='ltr'><em>ut</em></span> <span class='ocrx_word' id='word_1_264' title='bbox 1650 3224 1686 3260; x_wconf 86' lang='lat' dir='ltr'><em>a</em></span> <span class='ocrx_word' id='word_1_265' title='bbox 1707 3208 2087 3274; x_wconf 74' lang='lat' dir='ltr'><em>praesentibus</em></span> <span class='ocrx_word' id='word_1_266' title='bbox 2113 3208 2423 3275; x_wconf 82' lang='lat' dir='ltr'><em>manifesta)</em></span> <span class='ocrx_word' id='word_1_267' title='bbox 2454 3224 2489 3260; x_wconf 92' lang='lat' dir='ltr'><em>a</em></span> <span class='ocrx_word' id='word_1_268' title='bbox 2515 3205 2592 3260; x_wconf 92' lang='lat' dir='ltr'><em>de</em></span> <span class='ocrx_word' id='word_1_269' title='bbox 2608 3221 2667 3271; x_wconf 75' lang='grc' dir='ltr'><em>ος</em></span> <span class='ocrx_word' id='word_1_270' title='bbox 2699 3207 2820 3274; x_wconf 83' lang='grc'>(151</span> <span class='ocrx_word' id='word_1_271' title='bbox 2836 3203 2911 3256; x_wconf 84' lang='lat' dir='ltr'><em>A:</em></span> 
     </span>
     <span class='ocr_line' id='line_1_30' title="bbox 576 3285 2910 3355; baseline -0.002 -14"><span class='ocrx_word' id='word_1_272' title='bbox 576 3291 793 3344; x_wconf 83' lang='lat' dir='ltr'><em>animae</em></span> <span class='ocrx_word' id='word_1_273' title='bbox 828 3289 911 3342; x_wconf 83' lang='lat' dir='ltr'><em>ita</em></span> <span class='ocrx_word' id='word_1_274' title='bbox 947 3304 1002 3341; x_wconf 80' lang='lat' dir='ltr'><em>se</em></span> <span class='ocrx_word' id='word_1_275' title='bbox 1036 3287 1258 3340; x_wconf 78' lang='lat' dir='ltr'><em>habenti</em></span> <span class='ocrx_word' id='word_1_276' title='bbox 1300 3319 1361 3325; x_wconf 93' lang='lat'><strong>—</strong></span> <span class='ocrx_word' id='word_1_277' title='bbox 1402 3288 1436 3341; x_wconf 90' lang='lat' dir='ltr'><em>i.</em></span> <span class='ocrx_word' id='word_1_278' title='bbox 1478 3303 1525 3341; x_wconf 90' lang='lat' dir='ltr'><em>e.</em></span> <span class='ocrx_word' id='word_1_279' title='bbox 1565 3285 1744 3341; x_wconf 89' lang='lat' dir='ltr'><em>otium</em></span> <span class='ocrx_word' id='word_1_280' title='bbox 1783 3287 1972 3355; x_wconf 85' lang='lat' dir='ltr'><em>agenti</em></span> <span class='ocrx_word' id='word_1_281' title='bbox 2013 3304 2048 3340; x_wconf 87' lang='lat' dir='ltr'><em>a</em></span> <span class='ocrx_word' id='word_1_282' title='bbox 2087 3304 2346 3341; x_wconf 88' lang='lat' dir='ltr'><em>sensuum</em></span> <span class='ocrx_word' id='word_1_283' title='bbox 2386 3285 2700 3341; x_wconf 81' lang='lat' dir='ltr'><em>colluvione</em></span> <span class='ocrx_word' id='word_1_284' title='bbox 2732 3285 2910 3338; x_wconf 85' lang='lat' dir='ltr'><em>foren-</em></span> 
     </span>
     <span class='ocr_line' id='line_1_31' title="bbox 576 3366 2914 3435; baseline -0.002 -13"><span class='ocrx_word' id='word_1_285' title='bbox 576 3369 717 3422; x_wconf 86' lang='lat' dir='ltr'><em>sium</em></span> <span class='ocrx_word' id='word_1_286' title='bbox 757 3369 977 3422; x_wconf 89' lang='lat' dir='ltr'><em>animae</em></span> <span class='ocrx_word' id='word_1_287' title='bbox 1015 3367 1245 3421; x_wconf 86' lang='lat' dir='ltr'><em>naturas</em></span> <span class='ocrx_word' id='word_1_288' title='bbox 1280 3367 1528 3435; x_wconf 88' lang='lat' dir='ltr'><em>undique</em></span> <span class='ocrx_word' id='word_1_289' title='bbox 1564 3366 1925 3421; x_wconf 87' lang='lat' dir='ltr'><em>inferentium</em></span> <span class='ocrx_word' id='word_1_290' title='bbox 1961 3367 2173 3421; x_wconf 84' lang='lat' dir='ltr'><em>alienas</em></span> <span class='ocrx_word' id='word_1_291' title='bbox 2216 3397 2276 3407; x_wconf 90' lang='lat'>—</span> <span class='ocrx_word' id='word_1_292' title='bbox 2316 3367 2473 3420; x_wconf 85' lang='lat' dir='ltr'><em>Deus</em></span> <span class='ocrx_word' id='word_1_293' title='bbox 2508 3367 2824 3420; x_wconf 80' lang='lat' dir='ltr'><em>mundanus</em></span> <span class='ocrx_word' id='word_1_294' title='bbox 2858 3381 2914 3418; x_wconf 81' lang='lat' dir='ltr'><em>se</em></span> 
     </span>
     <span class='ocr_line' id='line_1_32' title="bbox 568 3446 2913 3518; baseline -0.001 -16"><span class='ocrx_word' id='word_1_295' title='bbox 568 3465 802 3518; x_wconf 75' lang='lat' dir='ltr'><em>prorsus</em></span> <span class='ocrx_word' id='word_1_296' title='bbox 839 3450 1123 3518; x_wconf 75' lang='lat' dir='ltr'><em>adiunyit‚</em></span> <span class='ocrx_word' id='word_1_297' title='bbox 1168 3454 1455 3516; x_wconf 79' lang='lat' dir='ltr'><em>propterea</em></span> <span class='ocrx_word' id='word_1_298' title='bbox 1498 3450 1642 3516; x_wconf 79' lang='lat' dir='ltr'><em>quod</em></span> <span class='ocrx_word' id='word_1_299' title='bbox 1692 3448 1909 3500; x_wconf 82' lang='lat' dir='ltr'><em>animae</em></span> <span class='ocrx_word' id='word_1_300' title='bbox 1954 3449 2133 3517; x_wconf 79' lang='lat' dir='ltr'><em>ipsius</em></span> <span class='ocrx_word' id='word_1_301' title='bbox 2179 3454 2387 3502; x_wconf 75' lang='lat' dir='ltr'><em>natura</em></span> <span class='ocrx_word' id='word_1_302' title='bbox 2433 3464 2498 3500; x_wconf 80' lang='lat' dir='ltr'><em>ex</em></span> <span class='ocrx_word' id='word_1_303' title='bbox 2537 3447 2712 3500; x_wconf 83' lang='lat' dir='ltr'><em>eodem</em></span> <span class='ocrx_word' id='word_1_304' title='bbox 2747 3446 2913 3499; x_wconf 83' lang='lat' dir='ltr'><em>simul</em></span> 
     </span>
     <span class='ocr_line' id='line_1_33' title="bbox 576 3525 2912 3598; baseline -0.002 -15"><span class='ocrx_word' id='word_1_305' title='bbox 576 3535 737 3597; x_wconf 78' lang='lat' dir='ltr'><em>atque</em></span> <span class='ocrx_word' id='word_1_306' title='bbox 773 3529 866 3582; x_wconf 77' lang='lat' dir='ltr'><em>ille</em></span> <span class='ocrx_word' id='word_1_307' title='bbox 893 3529 1200 3597; x_wconf 76' lang='lat' dir='ltr'><em>profluxit;</em></span> <span class='ocrx_word' id='word_1_308' title='bbox 1237 3546 1373 3598; x_wconf 77' lang='lat' dir='ltr'><em>quae</em></span> <span class='ocrx_word' id='word_1_309' title='bbox 1418 3530 1751 3583; x_wconf 80' lang='lat' dir='ltr'><em>somniorum</em></span> <span class='ocrx_word' id='word_1_310' title='bbox 1786 3544 1983 3596; x_wconf 72' lang='lat' dir='ltr'><em>yenera</em></span> <span class='ocrx_word' id='word_1_311' title='bbox 2018 3529 2300 3583; x_wconf 81' lang='lat' dir='ltr'><em>diviniora</em></span> <span class='ocrx_word' id='word_1_312' title='bbox 2335 3530 2638 3594; x_wconf 79' lang='lat' dir='ltr'><em>censentur)</em></span> <span class='ocrx_word' id='word_1_313' title='bbox 2654 3547 2672 3591; x_wconf 91' lang='lat'><em>;</em></span> <span class='ocrx_word' id='word_1_314' title='bbox 2709 3525 2912 3579; x_wconf 88' lang='lat' dir='ltr'><em>summi</em></span> 
     </span>
     <span class='ocr_line' id='line_1_34' title="bbox 578 3605 2912 3677; baseline -0.002 -15"><span class='ocrx_word' id='word_1_315' title='bbox 578 3625 707 3662; x_wconf 87' lang='lat' dir='ltr'><em>vero</em></span> <span class='ocrx_word' id='word_1_316' title='bbox 766 3606 996 3675; x_wconf 83' lang='lat' dir='ltr'><em>Synesio</em></span> <span class='ocrx_word' id='word_1_317' title='bbox 1053 3606 1324 3661; x_wconf 83' lang='lat' dir='ltr'><em>momenti</em></span> <span class='ocrx_word' id='word_1_318' title='bbox 1380 3610 1466 3662; x_wconf 88' lang='lat' dir='ltr'><em>est</em></span> <span class='ocrx_word' id='word_1_319' title='bbox 1523 3605 1813 3677; x_wconf 88' lang='lat' dir='ltr'><em>spiritus</em></span> <span class='ocrx_word' id='word_1_320' title='bbox 1863 3609 2370 3677; x_wconf 85' lang='lat' dir='ltr'><em>phantasticus,</em></span> <span class='ocrx_word' id='word_1_321' title='bbox 2426 3623 2592 3676; x_wconf 90' lang='lat' dir='ltr'><em>quem</em></span> <span class='ocrx_word' id='word_1_322' title='bbox 2641 3605 2912 3675; x_wconf 87' lang='lat' dir='ltr'><em>quodam-</em></span> 
     </span>
     <span class='ocr_line' id='line_1_35' title="bbox 578 3686 2913 3757; baseline -0 -16"><span class='ocrx_word' id='word_1_323' title='bbox 578 3689 743 3741; x_wconf 89' lang='lat' dir='ltr'><em>modo</em></span> <span class='ocrx_word' id='word_1_324' title='bbox 780 3704 1113 3757; x_wconf 84' lang='lat' dir='ltr'><em>praeparare</em></span> <span class='ocrx_word' id='word_1_325' title='bbox 1154 3688 1377 3757; x_wconf 86' lang='lat' dir='ltr'><em>debent,</em></span> <span class='ocrx_word' id='word_1_326' title='bbox 1416 3687 1512 3756; x_wconf 91' lang='lat' dir='ltr'><em>qui</em></span> <span class='ocrx_word' id='word_1_327' title='bbox 1550 3705 1684 3742; x_wconf 84' lang='lat' dir='ltr'><em>vera</em></span> <span class='ocrx_word' id='word_1_328' title='bbox 1721 3688 2053 3743; x_wconf 85' lang='lat' dir='ltr'><em>somniaturi</em></span> <span class='ocrx_word' id='word_1_329' title='bbox 2092 3690 2240 3755; x_wconf 86' lang='lat' dir='ltr'><em>sunt,</em></span> <span class='ocrx_word' id='word_1_330' title='bbox 2282 3687 2536 3757; x_wconf 81' lang='lat' dir='ltr'><em>adeoque</em></span> <span class='ocrx_word' id='word_1_331' title='bbox 2568 3686 2808 3753; x_wconf 85' lang='lat' dir='ltr'><em>studere,</em></span> <span class='ocrx_word' id='word_1_332' title='bbox 2844 3690 2913 3740; x_wconf 89' lang='lat' dir='ltr'><em>ut</em></span> 
     </span>
     <span class='ocr_line' id='line_1_36' title="bbox 582 3763 2911 3837; baseline -0 -17"><span class='ocrx_word' id='word_1_333' title='bbox 582 3768 674 3821; x_wconf 87' lang='lat' dir='ltr'><em>hic</em></span> <span class='ocrx_word' id='word_1_334' title='bbox 709 3766 871 3822; x_wconf 89' lang='lat' dir='ltr'><em>nobis</em></span> <span class='ocrx_word' id='word_1_335' title='bbox 910 3766 1205 3821; x_wconf 82' lang='lat' dir='ltr'><em>divinandi</em></span> <span class='ocrx_word' id='word_1_336' title='bbox 1252 3767 1309 3821; x_wconf 87' lang='lat' dir='ltr'><em>vi</em></span> <span class='ocrx_word' id='word_1_337' title='bbox 1356 3768 1431 3822; x_wconf 90' lang='lat' dir='ltr'><em>sit</em></span> <span class='ocrx_word' id='word_1_338' title='bbox 1464 3765 1779 3836; x_wconf 75' lang='lat' dir='ltr'><em>praeditae,</em></span> <span class='ocrx_word' id='word_1_339' title='bbox 1831 3768 2105 3837; x_wconf 81' lang='lat' dir='ltr'><em>quaedam</em></span> <span class='ocrx_word' id='word_1_340' title='bbox 2164 3769 2252 3822; x_wconf 88' lang='lat' dir='ltr'><em>est</em></span> <span class='ocrx_word' id='word_1_341' title='bbox 2296 3766 2530 3836; x_wconf 85' lang='lat' dir='ltr'><em>pietatis</em></span> <span class='ocrx_word' id='word_1_342' title='bbox 2568 3763 2911 3819; x_wconf 83' lang='lat' dir='ltr'><em>exercitatio.</em></span> 
     </span>
     <span class='ocr_line' id='line_1_37' title="bbox 579 3845 2911 3918; baseline -0.001 -17"><span class='ocrx_word' id='word_1_343' title='bbox 579 3851 802 3918; x_wconf 86' lang='lat' dir='ltr'><strong>(145A).</strong></span> <span class='ocrx_word' id='word_1_344' title='bbox 861 3845 969 3902; x_wconf 87' lang='lat' dir='ltr'><em>Hie</em></span> <span class='ocrx_word' id='word_1_345' title='bbox 1007 3849 1237 3916; x_wconf 83' lang='lat' dir='ltr'><em>spiritus</em></span> <span class='ocrx_word' id='word_1_346' title='bbox 1274 3847 1664 3917; x_wconf 84' lang='lat' dir='ltr'><em>phantasticus</em></span> <span class='ocrx_word' id='word_1_347' title='bbox 1702 3849 1766 3901; x_wconf 86' lang='lat' dir='ltr'><em>ut</em></span> <span class='ocrx_word' id='word_1_348' title='bbox 1803 3848 2088 3916; x_wconf 89' lang='lat' dir='ltr'><em>speculum</em></span> <span class='ocrx_word' id='word_1_349' title='bbox 2130 3849 2337 3917; x_wconf 84' lang='lat' dir='ltr'><em>exeipit</em></span> <span class='ocrx_word' id='word_1_350' title='bbox 2373 3845 2729 3913; x_wconf 69' lang='lat' dir='ltr'><em>ostenditque</em></span> <span class='ocrx_word' id='word_1_351' title='bbox 2767 3862 2911 3899; x_wconf 85' lang='lat' dir='ltr'><em>som-</em></span> 
     </span>
     <span class='ocr_line' id='line_1_38' title="bbox 576 3925 2911 3998; baseline -0.002 -17"><span class='ocrx_word' id='word_1_352' title='bbox 576 3929 689 3982; x_wconf 86' lang='lat' dir='ltr'><em>nia.</em></span> <span class='ocrx_word' id='word_1_353' title='bbox 777 3926 1050 3981; x_wconf 83' lang='lat' dir='ltr'><em>Educatio</em></span> <span class='ocrx_word' id='word_1_354' title='bbox 1103 3931 1291 3982; x_wconf 82' lang='lat' dir='ltr'><em>autem</em></span> <span class='ocrx_word' id='word_1_355' title='bbox 1344 3928 1460 3982; x_wconf 88' lang='lat' dir='ltr'><em>eius</em></span> <span class='ocrx_word' id='word_1_356' title='bbox 1511 3926 1727 3997; x_wconf 87' lang='lat' dir='ltr'><em>optima</em></span> <span class='ocrx_word' id='word_1_357' title='bbox 1777 3935 1865 3981; x_wconf 83' lang='lat' dir='ltr'><em>est</em></span> <span class='ocrx_word' id='word_1_358' title='bbox 1907 3932 2028 3981; x_wconf 90' lang='lat' dir='ltr'><em>tum</em></span> <span class='ocrx_word' id='word_1_359' title='bbox 2073 3945 2174 3998; x_wconf 87' lang='lat' dir='ltr'><em>per</em></span> <span class='ocrx_word' id='word_1_360' title='bbox 2214 3925 2607 3996; x_wconf 83' lang='lat' dir='ltr'><em>philosophiae</em></span> <span class='ocrx_word' id='word_1_361' title='bbox 2663 3925 2911 3978; x_wconf 88' lang='lat' dir='ltr'><em>studium</em></span> 
     </span>
     <span class='ocr_line' id='line_1_39' title="bbox 577 4008 2912 4077; baseline -0.001 -16"><span class='ocrx_word' id='word_1_362' title='bbox 577 4008 933 4076; x_wconf 83' lang='lat' dir='ltr'><em>perturbatos</em></span> <span class='ocrx_word' id='word_1_363' title='bbox 985 4008 1179 4062; x_wconf 82' lang='lat' dir='ltr'><em>sedare</em></span> <span class='ocrx_word' id='word_1_364' title='bbox 1226 4008 1400 4063; x_wconf 89' lang='lat' dir='ltr'><em>animi</em></span> <span class='ocrx_word' id='word_1_365' title='bbox 1453 4011 1665 4077; x_wconf 77' lang='lat' dir='ltr'><em>motae,</em></span> <span class='ocrx_word' id='word_1_366' title='bbox 1714 4010 1833 4061; x_wconf 88' lang='lat' dir='ltr'><em>tum</em></span> <span class='ocrx_word' id='word_1_367' title='bbox 1880 4023 1981 4077; x_wconf 85' lang='lat' dir='ltr'><em>per</em></span> <span class='ocrx_word' id='word_1_368' title='bbox 2023 4009 2377 4065; x_wconf 83' lang='lat' dir='ltr'><em>moderatum</em></span> <span class='ocrx_word' id='word_1_369' title='bbox 2428 4008 2912 4075; x_wconf 87' lang='lat' dir='ltr'><em>temperatumque</em></span> 
     </span>
     <span class='ocr_line' id='line_1_40' title="bbox 582 4088 910 4145; baseline 0.009 -4"><span class='ocrx_word' id='word_1_370' title='bbox 582 4088 806 4145; x_wconf 78' lang='lat' dir='ltr'><em>victum.</em></span> <span class='ocrx_word' id='word_1_371' title='bbox 847 4120 910 4127; x_wconf 96' lang='lat'><strong>—</strong></span> 
     </span>
    </p>

    <p class='ocr_par' dir='ltr' id='par_1_5' title="bbox 576 4166 2914 4561">
     <span class='ocr_line' id='line_1_41' title="bbox 757 4166 2914 4238; baseline -0.002 -14"><span class='ocrx_word' id='word_1_372' title='bbox 757 4168 1027 4225; x_wconf 87' lang='lat' dir='ltr'><em>Videmus</em></span> <span class='ocrx_word' id='word_1_373' title='bbox 1075 4168 1250 4238; x_wconf 83' lang='lat' dir='ltr'><em>igitur</em></span> <span class='ocrx_word' id='word_1_374' title='bbox 1295 4167 1444 4223; x_wconf 89' lang='lat' dir='ltr'><em>inter</em></span> <span class='ocrx_word' id='word_1_375' title='bbox 1481 4168 1771 4236; x_wconf 82' lang='lat' dir='ltr'><em>Synesium</em></span> <span class='ocrx_word' id='word_1_376' title='bbox 1823 4171 1881 4224; x_wconf 91' lang='lat' dir='ltr'><em>et</em></span> <span class='ocrx_word' id='word_1_377' title='bbox 1917 4169 2209 4224; x_wconf 84' lang='lat' dir='ltr'><em>Platonem</em></span> <span class='ocrx_word' id='word_1_378' title='bbox 2257 4168 2348 4225; x_wconf 85' lang='lat' dir='ltr'><em>vel</em></span> <span class='ocrx_word' id='word_1_379' title='bbox 2388 4166 2605 4221; x_wconf 84' lang='lat' dir='ltr'><em>Stoicos</em></span> <span class='ocrx_word' id='word_1_380' title='bbox 2642 4166 2914 4222; x_wconf 83' lang='lat' dir='ltr'><em>nonnulla</em></span> 
     </span>
     <span class='ocr_line' id='line_1_42' title="bbox 578 4246 2912 4320; baseline -0.002 -16"><span class='ocrx_word' id='word_1_381' title='bbox 578 4251 899 4316; x_wconf 85' lang='lat' dir='ltr'><em>convenire;</em></span> <span class='ocrx_word' id='word_1_382' title='bbox 946 4249 1021 4304; x_wconf 87' lang='lat' dir='ltr'><em>ad</em></span> <span class='ocrx_word' id='word_1_383' title='bbox 1056 4249 1397 4306; x_wconf 85' lang='lat' dir='ltr'><em>Artemidori</em></span> <span class='ocrx_word' id='word_1_384' title='bbox 1434 4252 1623 4303; x_wconf 86' lang='lat' dir='ltr'><em>autem</em></span> <span class='ocrx_word' id='word_1_385' title='bbox 1670 4249 2088 4320; x_wconf 85' lang='lat' dir='ltr'><em>philosophiam</em></span> <span class='ocrx_word' id='word_1_386' title='bbox 2138 4251 2297 4305; x_wconf 89' lang='lat' dir='ltr'><em>nobis</em></span> <span class='ocrx_word' id='word_1_387' title='bbox 2344 4247 2789 4303; x_wconf 87' lang='lat' dir='ltr'><em>constituendam</em></span> <span class='ocrx_word' id='word_1_388' title='bbox 2832 4246 2912 4301; x_wconf 91' lang='lat' dir='ltr'><em>nil</em></span> 
     </span>
     <span class='ocr_line' id='line_1_43' title="bbox 577 4326 2909 4398; baseline -0.001 -15"><span class='ocrx_word' id='word_1_389' title='bbox 577 4333 711 4386; x_wconf 90' lang='lat' dir='ltr'><em>novi</em></span> <span class='ocrx_word' id='word_1_390' title='bbox 750 4330 1050 4386; x_wconf 87' lang='lat' dir='ltr'><em>contulisse</em></span> <span class='ocrx_word' id='word_1_391' title='bbox 1087 4330 1336 4397; x_wconf 74' lang='lat' dir='ltr'><em>videtui-3</em></span> <span class='ocrx_word' id='word_1_392' title='bbox 1376 4331 1563 4385; x_wconf 82' lang='lat' dir='ltr'><em>omnia</em></span> <span class='ocrx_word' id='word_1_393' title='bbox 1602 4329 1768 4396; x_wconf 90' lang='lat' dir='ltr'><em>enim,</em></span> <span class='ocrx_word' id='word_1_394' title='bbox 1808 4347 2188 4398; x_wconf 85' lang='lat' dir='ltr'><em>quaecumque</em></span> <span class='ocrx_word' id='word_1_395' title='bbox 2226 4330 2542 4398; x_wconf 85' lang='lat' dir='ltr'><em>congruunt</em></span> <span class='ocrx_word' id='word_1_396' title='bbox 2570 4345 2693 4383; x_wconf 88' lang='lat' dir='ltr'><em>eum</em></span> <span class='ocrx_word' id='word_1_397' title='bbox 2723 4327 2784 4381; x_wconf 91' lang='lat' dir='ltr'><em>A.</em></span> <span class='ocrx_word' id='word_1_398' title='bbox 2817 4326 2909 4381; x_wconf 87' lang='lat' dir='ltr'><em>de-</em></span> 
     </span>
     <span class='ocr_line' id='line_1_44' title="bbox 579 4405 2910 4480; baseline -0.001 -17"><span class='ocrx_word' id='word_1_399' title='bbox 579 4411 768 4478; x_wconf 87' lang='lat' dir='ltr'><em>cretis,</em></span> <span class='ocrx_word' id='word_1_400' title='bbox 823 4409 939 4464; x_wconf 87' lang='lat' dir='ltr'><em>iam</em></span> <span class='ocrx_word' id='word_1_401' title='bbox 986 4410 1136 4480; x_wconf 85' lang='lat' dir='ltr'><em>apud</em></span> <span class='ocrx_word' id='word_1_402' title='bbox 1185 4409 1403 4464; x_wconf 85' lang='lat' dir='ltr'><em>Stoicos</em></span> <span class='ocrx_word' id='word_1_403' title='bbox 1451 4409 1797 4478; x_wconf 84' lang='lat' dir='ltr'><em>invenimus;</em></span> <span class='ocrx_word' id='word_1_404' title='bbox 1857 4412 2053 4465; x_wconf 83' lang='lat' dir='ltr'><em>contra</em></span> <span class='ocrx_word' id='word_1_405' title='bbox 2097 4408 2485 4479; x_wconf 84' lang='lat' dir='ltr'><em>phantasticus</em></span> <span class='ocrx_word' id='word_1_406' title='bbox 2530 4407 2628 4462; x_wconf 90' lang='lat' dir='ltr'><em>ille</em></span> <span class='ocrx_word' id='word_1_407' title='bbox 2680 4405 2910 4475; x_wconf 87' lang='lat' dir='ltr'><em>spiritus</em></span> 
     </span>
     <span class='ocr_line' id='line_1_45' title="bbox 576 4486 2914 4561; baseline -0.002 -17"><span class='ocrx_word' id='word_1_408' title='bbox 576 4490 746 4561; x_wconf 89' lang='lat' dir='ltr'><em>plane</em></span> <span class='ocrx_word' id='word_1_409' title='bbox 783 4492 1051 4546; x_wconf 86' lang='lat' dir='ltr'><em>abhorret</em></span> <span class='ocrx_word' id='word_1_410' title='bbox 1096 4508 1131 4544; x_wconf 89' lang='lat' dir='ltr'><em>a</em></span> <span class='ocrx_word' id='word_1_411' title='bbox 1174 4492 1368 4544; x_wconf 67' lang='lat' dir='ltr'><em>nostro</em></span> <span class='ocrx_word' id='word_1_412' title='bbox 1406 4490 1708 4559; x_wconf 75' lang='lat' dir='ltr'><em>seript0r03</em></span> <span class='ocrx_word' id='word_1_413' title='bbox 1755 4490 2031 4546; x_wconf 79' lang='lat' dir='ltr'><em>accedunt</em></span> <span class='ocrx_word' id='word_1_414' title='bbox 2081 4488 2222 4560; x_wconf 80' lang='lat' dir='ltr'><em>alia,</em></span> <span class='ocrx_word' id='word_1_415' title='bbox 2270 4503 2413 4560; x_wconf 74' lang='lat' dir='ltr'><em>quae</em></span> <span class='ocrx_word' id='word_1_416' title='bbox 2453 4486 2842 4543; x_wconf 81' lang='lat' dir='ltr'><em>demonstrant</em></span> <span class='ocrx_word' id='word_1_417' title='bbox 2878 4501 2914 4539; x_wconf 84' lang='lat' dir='ltr'><em>a</em></span> 
     </span>
    </p>
   </div>
   <div class='ocr_carea' id='block_1_4' title="bbox 3175 482 3188 5140">
    <p class='ocr_par' dir='ltr' id='par_1_6' title="bbox 3175 482 3188 5140">
     <span class='ocr_line' id='line_1_46' title="bbox 3175 482 3188 5140; baseline 0 0"><span class='ocrx_word' id='word_1_418' title='bbox 3175 482 3188 5140; x_wconf 95' lang='lat' dir='ltr'><em> </em></span> 
     </span>
    </p>
   </div>
  </div>
 </body>
</html>
