<?xml version="1.0" encoding="UTF-8"?>
<!DOCTYPE html PUBLIC "-//W3C//DTD XHTML 1.0 Transitional//EN"
    "http://www.w3.org/TR/xhtml1/DTD/xhtml1-transitional.dtd">
<html xmlns="http://www.w3.org/1999/xhtml" xml:lang="en" lang="en">
 <head>
  <title>
</title>
<meta http-equiv="Content-Type" content="text/html;charset=utf-8" />
  <meta name='ocr-system' content='tesseract 3.04.00' />
  <meta name='ocr-capabilities' content='ocr_page ocr_carea ocr_par ocr_line ocrx_word'/>
</head>
<body>
  <div class='ocr_page' id='page_1' title='image "./deartemidorodal00reicgoog_0026.png"; bbox 0 0 3200 5167; ppageno 0'>
   <div class='ocr_carea' id='block_1_1' title="bbox 1497 333 1983 401">
    <p class='ocr_par' dir='ltr' id='par_1_1' title="bbox 1497 333 1983 401">
     <span class='ocr_line' id='line_1_1' title="bbox 1497 333 1983 401; baseline 0.002 -1"><span class='ocrx_word' id='word_1_1' title='bbox 1497 333 1983 401; x_wconf 50' lang='grc' dir='ltr'>α---132-----</span> 
     </span>
    </p>
   </div>
   <div class='ocr_carea' id='block_1_2' title="bbox 570 514 2907 711">
    <p class='ocr_par' dir='ltr' id='par_1_2' title="bbox 570 514 2907 711">
     <span class='ocr_line' id='line_1_2' title="bbox 748 514 2906 605; baseline -0.003 -22"><span class='ocrx_word' id='word_1_2' title='bbox 748 519 1107 605; x_wconf 89' lang='lat' dir='ltr'>Apollonii</span> <span class='ocrx_word' id='word_1_3' title='bbox 1154 521 1554 581; x_wconf 88' lang='lat' dir='ltr'>Attalensis</span> <span class='ocrx_word' id='word_1_4' title='bbox 1604 517 1706 600; x_wconf 84' lang='lat'>34,</span> <span class='ocrx_word' id='word_1_5' title='bbox 1749 515 1846 581; x_wconf 85' lang='lat'>15.</span> <span class='ocrx_word' id='word_1_6' title='bbox 1889 516 2034 599; x_wconf 84' lang='lat'>179,</span> <span class='ocrx_word' id='word_1_7' title='bbox 2075 515 2157 579; x_wconf 89' lang='lat'>19</span> <span class='ocrx_word' id='word_1_8' title='bbox 2215 515 2712 578; x_wconf 84' lang='lat' dir='ltr'>commemoratur</span> <span class='ocrx_word' id='word_1_9' title='bbox 2758 514 2906 577; x_wconf 69' lang='lat' dir='ltr'>altor</span> 
     </span>
     <span class='ocr_line' id='line_1_3' title="bbox 570 613 2907 711; baseline -0.003 -27"><span class='ocrx_word' id='word_1_10' title='bbox 570 624 721 684; x_wconf 88' lang='lat' dir='ltr'>liber</span> <span class='ocrx_word' id='word_1_11' title='bbox 767 621 885 704; x_wconf 81' lang='grc' dir='ltr'>τῆς</span> <span class='ocrx_word' id='word_1_12' title='bbox 931 613 1318 700; x_wconf 75' lang='grc' dir='ltr'><strong><em>συντάξεως,</em></strong></span> <span class='ocrx_word' id='word_1_13' title='bbox 1366 639 1516 699; x_wconf 86' lang='lat' dir='ltr'>quae</span> <span class='ocrx_word' id='word_1_14' title='bbox 1564 617 1832 684; x_wconf 78' lang='lat' dir='ltr'>collectio</span> <span class='ocrx_word' id='word_1_15' title='bbox 1876 619 2056 678; x_wconf 82' lang='lat' dir='ltr'>fuerit</span> <span class='ocrx_word' id='word_1_16' title='bbox 2097 619 2459 711; x_wconf 89' lang='lat' dir='ltr'>somniorum</span> <span class='ocrx_word' id='word_1_17' title='bbox 2499 617 2907 678; x_wconf 87' lang='lat' dir='ltr'>collectorum-</span> 
     </span>
    </p>
   </div>
   <div class='ocr_carea' id='block_1_3' title="bbox 566 723 2913 4376">
    <p class='ocr_par' dir='ltr' id='par_1_3' title="bbox 569 723 1164 802">
     <span class='ocr_line' id='line_1_4' title="bbox 569 723 1164 802; baseline -0.005 -19"><span class='ocrx_word' id='word_1_18' title='bbox 569 743 683 802; x_wconf 90' lang='lat' dir='ltr'>que</span> <span class='ocrx_word' id='word_1_19' title='bbox 734 723 1164 801; x_wconf 85' lang='lat' dir='ltr'>interpretatio.</span> 
     </span>
    </p>

    <p class='ocr_par' dir='ltr' id='par_1_4' title="bbox 571 811 2905 994">
     <span class='ocr_line' id='line_1_5' title="bbox 748 811 2905 897; baseline -0.004 -16"><span class='ocrx_word' id='word_1_20' title='bbox 748 820 1148 881; x_wconf 83' lang='lat' dir='ltr'><strong>Alexander</strong></span> <span class='ocrx_word' id='word_1_21' title='bbox 1194 811 1586 897; x_wconf 68' lang='lat' dir='ltr'>Myndiusl)</span> <span class='ocrx_word' id='word_1_22' title='bbox 1637 813 1738 896; x_wconf 87' lang='grc'>62,</span> <span class='ocrx_word' id='word_1_23' title='bbox 1785 811 1881 876; x_wconf 79' lang='lat'>15.</span> <span class='ocrx_word' id='word_1_24' title='bbox 1930 812 2032 895; x_wconf 83' lang='lat'>93,</span> <span class='ocrx_word' id='word_1_25' title='bbox 2072 812 2173 875; x_wconf 76' lang='lat'>26.</span> <span class='ocrx_word' id='word_1_26' title='bbox 2227 811 2369 895; x_wconf 84' lang='lat'>157,</span> <span class='ocrx_word' id='word_1_27' title='bbox 2414 812 2496 876; x_wconf 88' lang='grc'>14</span> <span class='ocrx_word' id='word_1_28' title='bbox 2548 833 2669 874; x_wconf 90' lang='lat' dir='ltr'>non</span> <span class='ocrx_word' id='word_1_29' title='bbox 2718 814 2905 874; x_wconf 87' lang='lat' dir='ltr'>solnm</span> 
     </span>
     <span class='ocr_line' id='line_1_6' title="bbox 571 906 2545 994; baseline -0.002 -17"><span class='ocrx_word' id='word_1_30' title='bbox 571 919 642 978; x_wconf 87' lang='lat' dir='ltr'>de</span> <span class='ocrx_word' id='word_1_31' title='bbox 692 922 938 980; x_wconf 90' lang='lat' dir='ltr'>somniis</span> <span class='ocrx_word' id='word_1_32' title='bbox 989 918 1090 979; x_wconf 91' lang='lat' dir='ltr'>sed</span> <span class='ocrx_word' id='word_1_33' title='bbox 1141 919 1317 977; x_wconf 91' lang='lat' dir='ltr'>etiam</span> <span class='ocrx_word' id='word_1_34' title='bbox 1365 916 1437 976; x_wconf 93' lang='lat' dir='ltr'>de</span> <span class='ocrx_word' id='word_1_35' title='bbox 1485 914 1839 975; x_wconf 79' lang='lat' dir='ltr'><strong>animalibus</strong></span> <span class='ocrx_word' id='word_1_36' title='bbox 1887 906 2237 994; x_wconf 77' lang='grc' dir='ltr'><strong><em>(θηριακά)</em></strong></span> <span class='ocrx_word' id='word_1_37' title='bbox 2289 916 2545 992; x_wconf 80' lang='lat' dir='ltr'>scripsit.</span> 
     </span>
    </p>

    <p class='ocr_par' dir='ltr' id='par_1_5' title="bbox 566 1007 2912 1785">
     <span class='ocr_line' id='line_1_7' title="bbox 747 1007 2905 1094; baseline -0.003 -18"><span class='ocrx_word' id='word_1_38' title='bbox 747 1016 827 1076; x_wconf 89' lang='lat' dir='ltr'>De</span> <span class='ocrx_word' id='word_1_39' title='bbox 892 1016 1257 1077; x_wconf 83' lang='lat' dir='ltr'>Nicandro</span> <span class='ocrx_word' id='word_1_40' title='bbox 1317 1012 1470 1094; x_wconf 84' lang='lat'>107,</span> <span class='ocrx_word' id='word_1_41' title='bbox 1528 1011 1594 1093; x_wconf 85' lang='lat'>8,</span> <span class='ocrx_word' id='word_1_42' title='bbox 1669 1012 2013 1090; x_wconf 83' lang='lat' dir='ltr'>Dionysio</span> <span class='ocrx_word' id='word_1_43' title='bbox 2092 1010 2542 1091; x_wconf 89' lang='lat' dir='ltr'>Heliupolita</span> <span class='ocrx_word' id='word_1_44' title='bbox 2607 1007 2756 1092; x_wconf 83' lang='lat'>157,</span> <span class='ocrx_word' id='word_1_45' title='bbox 2809 1007 2905 1089; x_wconf 81' lang='lat'>15,</span> 
     </span>
     <span class='ocr_line' id='line_1_8' title="bbox 570 1103 2906 1193; baseline -0.003 -19"><span class='ocrx_word' id='word_1_46' title='bbox 570 1114 1012 1193; x_wconf 85' lang='lat' dir='ltr'>Apollodoro</span> <span class='ocrx_word' id='word_1_47' title='bbox 1071 1115 1423 1174; x_wconf 84' lang='lat' dir='ltr'>Telmessi</span> <span class='ocrx_word' id='word_1_48' title='bbox 1483 1110 1592 1192; x_wconf 82' lang='lat'>77,</span> <span class='ocrx_word' id='word_1_49' title='bbox 1635 1107 1716 1171; x_wconf 86' lang='lat'>13</span> <span class='ocrx_word' id='word_1_50' title='bbox 1777 1105 2102 1193; x_wconf 87' lang='lat' dir='ltr'>(Susemihl</span> <span class='ocrx_word' id='word_1_51' title='bbox 2151 1103 2309 1193; x_wconf 83' lang='grc'>872)</span> <span class='ocrx_word' id='word_1_52' title='bbox 2372 1113 2523 1171; x_wconf 86' lang='lat' dir='ltr'>certi</span> <span class='ocrx_word' id='word_1_53' title='bbox 2587 1111 2906 1189; x_wconf 80' lang='lat' dir='ltr'>quidquam</span> 
     </span>
     <span class='ocr_line' id='line_1_9' title="bbox 566 1208 2907 1292; baseline -0.003 -19"><span class='ocrx_word' id='word_1_54' title='bbox 566 1220 806 1292; x_wconf 90' lang='lat' dir='ltr'>praeter</span> <span class='ocrx_word' id='word_1_55' title='bbox 868 1212 926 1272; x_wconf 90' lang='lat' dir='ltr'>id</span> <span class='ocrx_word' id='word_1_56' title='bbox 998 1212 1155 1292; x_wconf 91' lang='lat' dir='ltr'>quod</span> <span class='ocrx_word' id='word_1_57' title='bbox 1221 1211 1283 1271; x_wconf 81' lang='lat' dir='ltr'>A.</span> <span class='ocrx_word' id='word_1_58' title='bbox 1347 1210 1592 1291; x_wconf 90' lang='lat' dir='ltr'>praebet</span> <span class='ocrx_word' id='word_1_59' title='bbox 1659 1210 1776 1268; x_wconf 88' lang='lat' dir='ltr'>dici</span> <span class='ocrx_word' id='word_1_60' title='bbox 1844 1210 2064 1286; x_wconf 86' lang='lat' dir='ltr'>nequit.</span> <span class='ocrx_word' id='word_1_61' title='bbox 2115 1242 2197 1249; x_wconf 91' lang='lat'>—</span> <span class='ocrx_word' id='word_1_62' title='bbox 2246 1208 2580 1270; x_wconf 90' lang='lat' dir='ltr'>Geminus</span> <span class='ocrx_word' id='word_1_63' title='bbox 2646 1208 2907 1287; x_wconf 79' lang='lat' dir='ltr'>Tyrius</span> 
     </span>
     <span class='ocr_line' id='line_1_10' title="bbox 575 1307 2907 1390; baseline -0.003 -20"><span class='ocrx_word' id='word_1_64' title='bbox 575 1309 715 1390; x_wconf 88' lang='lat'>148,</span> <span class='ocrx_word' id='word_1_65' title='bbox 754 1309 840 1372; x_wconf 80' lang='lat'>22</span> <span class='ocrx_word' id='word_1_66' title='bbox 896 1309 1092 1370; x_wconf 89' lang='lat' dir='ltr'>tribus</span> <span class='ocrx_word' id='word_1_67' title='bbox 1149 1308 1317 1368; x_wconf 90' lang='lat' dir='ltr'>libris</span> <span class='ocrx_word' id='word_1_68' title='bbox 1377 1309 1745 1367; x_wconf 88' lang='lat' dir='ltr'>somniorum</span> <span class='ocrx_word' id='word_1_69' title='bbox 1801 1314 2047 1366; x_wconf 87' lang='lat' dir='ltr'>eventus</span> <span class='ocrx_word' id='word_1_70' title='bbox 2103 1307 2341 1385; x_wconf 84' lang='lat' dir='ltr'>collegit</span> <span class='ocrx_word' id='word_1_71' title='bbox 2389 1326 2594 1369; x_wconf 87' lang='lat' dir='ltr'>eorum</span> <span class='ocrx_word' id='word_1_72' title='bbox 2641 1309 2907 1385; x_wconf 87' lang='lat' dir='ltr'>maxime,</span> 
     </span>
     <span class='ocr_line' id='line_1_11' title="bbox 568 1404 2906 1488; baseline -0.003 -18"><span class='ocrx_word' id='word_1_73' title='bbox 568 1429 716 1488; x_wconf 90' lang='lat' dir='ltr'>quae</span> <span class='ocrx_word' id='word_1_74' title='bbox 771 1428 802 1469; x_wconf 85' lang='lat' dir='ltr'>a</span> <span class='ocrx_word' id='word_1_75' title='bbox 865 1409 1145 1487; x_wconf 84' lang='lat' dir='ltr'>Serapide</span> <span class='ocrx_word' id='word_1_76' title='bbox 1212 1408 1478 1466; x_wconf 90' lang='lat' dir='ltr'>immissa</span> <span class='ocrx_word' id='word_1_77' title='bbox 1543 1413 1681 1466; x_wconf 88' lang='lat' dir='ltr'>sunt</span> <span class='ocrx_word' id='word_1_78' title='bbox 1777 1423 1951 1484; x_wconf 88' lang='lat' dir='ltr'>quam</span> <span class='ocrx_word' id='word_1_79' title='bbox 2011 1423 2137 1464; x_wconf 88' lang='lat' dir='ltr'>rem</span> <span class='ocrx_word' id='word_1_80' title='bbox 2196 1405 2605 1466; x_wconf 88' lang='lat' dir='ltr'>Demetrius</span> <span class='ocrx_word' id='word_1_81' title='bbox 2661 1404 2906 1464; x_wconf 89' lang='lat' dir='ltr'>Phale-</span> 
     </span>
     <span class='ocr_line' id='line_1_12' title="bbox 569 1502 2906 1588; baseline -0.002 -21"><span class='ocrx_word' id='word_1_82' title='bbox 569 1527 740 1569; x_wconf 89' lang='lat' dir='ltr'>reus</span> <span class='ocrx_word' id='word_1_83' title='bbox 801 1505 956 1588; x_wconf 89' lang='grc'>148,</span> <span class='ocrx_word' id='word_1_84' title='bbox 1004 1504 1088 1567; x_wconf 78' lang='grc'>23</span> <span class='ocrx_word' id='word_1_85' title='bbox 1166 1505 1562 1583; x_wconf 79' lang='lat' dir='ltr'>Theophrasti</span> <span class='ocrx_word' id='word_1_86' title='bbox 1638 1522 1670 1563; x_wconf 91' lang='lat' dir='ltr'>a</span> <span class='ocrx_word' id='word_1_87' title='bbox 1699 1522 1814 1582; x_wconf 90' lang='lat' dir='ltr'>que</span> <span class='ocrx_word' id='word_1_88' title='bbox 1881 1502 2187 1562; x_wconf 87' lang='lat' dir='ltr'>Menandri</span> <span class='ocrx_word' id='word_1_89' title='bbox 2252 1504 2581 1583; x_wconf 85' lang='lat' dir='ltr'>discipulus</span> <span class='ocrx_word' id='word_1_90' title='bbox 2647 1505 2906 1583; x_wconf 86' lang='lat' dir='ltr'>quinque</span> 
     </span>
     <span class='ocr_line' id='line_1_13' title="bbox 567 1595 2912 1687; baseline -0.002 -21"><span class='ocrx_word' id='word_1_91' title='bbox 567 1608 842 1667; x_wconf 83' lang='lat' dir='ltr'>tractavit</span> <span class='ocrx_word' id='word_1_92' title='bbox 867 1599 1129 1687; x_wconf 79' lang='lat' dir='ltr'>libris.2)</span> <span class='ocrx_word' id='word_1_93' title='bbox 1190 1603 1454 1682; x_wconf 89' lang='lat' dir='ltr'>Denique</span> <span class='ocrx_word' id='word_1_94' title='bbox 1487 1601 1964 1680; x_wconf 89' lang='lat' dir='ltr'>Melampodis</span> <span class='ocrx_word' id='word_1_95' title='bbox 1995 1610 2235 1663; x_wconf 88' lang='lat' dir='ltr'>notatur</span> <span class='ocrx_word' id='word_1_96' title='bbox 2264 1603 2415 1663; x_wconf 88' lang='lat' dir='ltr'>liber</span> <span class='ocrx_word' id='word_1_97' title='bbox 2442 1597 2591 1685; x_wconf 79' lang='grc' dir='ltr'><strong><em>περὶ</em></strong></span> <span class='ocrx_word' id='word_1_98' title='bbox 2619 1595 2912 1681; x_wconf 78' lang='grc' dir='ltr'><strong><em>τεράτων</em></strong></span> 
     </span>
     <span class='ocr_line' id='line_1_14' title="bbox 569 1699 1039 1785; baseline 0.004 -21"><span class='ocrx_word' id='word_1_99' title='bbox 569 1699 680 1766; x_wconf 84' lang='grc' dir='ltr'>καὶ</span> <span class='ocrx_word' id='word_1_100' title='bbox 730 1704 1039 1785; x_wconf 82' lang='grc' dir='ltr'><strong><em>σημείων.</em></strong></span> 
     </span>
    </p>

    <p class='ocr_par' dir='ltr' id='par_1_6' title="bbox 567 1798 2913 3454">
     <span class='ocr_line' id='line_1_15' title="bbox 747 1798 2911 1881; baseline -0.003 -17"><span class='ocrx_word' id='word_1_101' title='bbox 747 1806 1037 1864; x_wconf 87' lang='lat' dir='ltr'>Auctores</span> <span class='ocrx_word' id='word_1_102' title='bbox 1093 1804 1277 1880; x_wconf 84' lang='lat' dir='ltr'>igitur</span> <span class='ocrx_word' id='word_1_103' title='bbox 1334 1802 1477 1859; x_wconf 90' lang='lat' dir='ltr'>satis</span> <span class='ocrx_word' id='word_1_104' title='bbox 1533 1798 1754 1859; x_wconf 91' lang='lat' dir='ltr'>multos</span> <span class='ocrx_word' id='word_1_105' title='bbox 1801 1800 1922 1859; x_wconf 88' lang='lat' dir='ltr'>Art.</span> <span class='ocrx_word' id='word_1_106' title='bbox 1981 1800 2261 1881; x_wconf 89' lang='lat' dir='ltr'>appellat,</span> <span class='ocrx_word' id='word_1_107' title='bbox 2322 1820 2573 1880; x_wconf 89' lang='lat' dir='ltr'>quorum</span> <span class='ocrx_word' id='word_1_108' title='bbox 2631 1799 2911 1879; x_wconf 89' lang='lat' dir='ltr'>operibus</span> 
     </span>
     <span class='ocr_line' id='line_1_16' title="bbox 570 1898 2911 1980; baseline -0.003 -18"><span class='ocrx_word' id='word_1_109' title='bbox 570 1902 884 1980; x_wconf 84' lang='lat' dir='ltr'>diligenter</span> <span class='ocrx_word' id='word_1_110' title='bbox 930 1900 1228 1980; x_wconf 86' lang='lat' dir='ltr'>perlectiS,</span> <span class='ocrx_word' id='word_1_111' title='bbox 1278 1907 1346 1959; x_wconf 90' lang='lat' dir='ltr'>ut</span> <span class='ocrx_word' id='word_1_112' title='bbox 1392 1900 1519 1977; x_wconf 90' lang='lat' dir='ltr'>ipse</span> <span class='ocrx_word' id='word_1_113' title='bbox 1559 1898 1722 1977; x_wconf 90' lang='lat' dir='ltr'>dicit,</span> <span class='ocrx_word' id='word_1_114' title='bbox 1770 1916 1916 1959; x_wconf 89' lang='lat' dir='ltr'>usus</span> <span class='ocrx_word' id='word_1_115' title='bbox 1965 1907 2082 1980; x_wconf 83' lang='lat' dir='ltr'>est3</span> <span class='ocrx_word' id='word_1_116' title='bbox 2129 1919 2320 1979; x_wconf 84' lang='lat' dir='ltr'>neque</span> <span class='ocrx_word' id='word_1_117' title='bbox 2362 1908 2558 1960; x_wconf 90' lang='lat' dir='ltr'>autem</span> <span class='ocrx_word' id='word_1_118' title='bbox 2595 1916 2911 1978; x_wconf 89' lang='lat' dir='ltr'>possumus</span> 
     </span>
     <span class='ocr_line' id='line_1_17' title="bbox 569 1994 2911 2074; baseline -0.002 -14"><span class='ocrx_word' id='word_1_119' title='bbox 569 2002 931 2061; x_wconf 85' lang='lat' dir='ltr'>contendere</span> <span class='ocrx_word' id='word_1_120' title='bbox 988 1998 1147 2060; x_wconf 89' lang='lat' dir='ltr'>hunc</span> <span class='ocrx_word' id='word_1_121' title='bbox 1205 2004 1307 2057; x_wconf 90' lang='lat' dir='ltr'>aut</span> <span class='ocrx_word' id='word_1_122' title='bbox 1364 1996 1526 2056; x_wconf 88' lang='lat' dir='ltr'>illum</span> <span class='ocrx_word' id='word_1_123' title='bbox 1586 1994 1802 2055; x_wconf 89' lang='lat' dir='ltr'>librum</span> <span class='ocrx_word' id='word_1_124' title='bbox 1852 1999 2051 2074; x_wconf 90' lang='lat' dir='ltr'>potius</span> <span class='ocrx_word' id='word_1_125' title='bbox 2108 1998 2180 2058; x_wconf 89' lang='lat' dir='ltr'>ab</span> <span class='ocrx_word' id='word_1_126' title='bbox 2239 2018 2308 2057; x_wconf 84' lang='lat' dir='ltr'>eo</span> <span class='ocrx_word' id='word_1_127' title='bbox 2367 1999 2696 2059; x_wconf 87' lang='lat' dir='ltr'>adhibitum</span> <span class='ocrx_word' id='word_1_128' title='bbox 2753 2015 2911 2057; x_wconf 88' lang='lat' dir='ltr'>esse:</span> 
     </span>
     <span class='ocr_line' id='line_1_18' title="bbox 572 2095 2910 2177; baseline -0.001 -20"><span class='ocrx_word' id='word_1_129' title='bbox 572 2099 741 2159; x_wconf 85' lang='lat' dir='ltr'>facile</span> <span class='ocrx_word' id='word_1_130' title='bbox 789 2107 987 2177; x_wconf 90' lang='lat' dir='ltr'>potest</span> <span class='ocrx_word' id='word_1_131' title='bbox 1037 2098 1204 2157; x_wconf 86' lang='lat' dir='ltr'>credi</span> <span class='ocrx_word' id='word_1_132' title='bbox 1251 2105 1393 2156; x_wconf 86' lang='lat' dir='ltr'>tuno</span> <span class='ocrx_word' id='word_1_133' title='bbox 1443 2096 1734 2153; x_wconf 89' lang='lat' dir='ltr'>rationem</span> <span class='ocrx_word' id='word_1_134' title='bbox 1784 2103 2006 2154; x_wconf 85' lang='lat' dir='ltr'>certam</span> <span class='ocrx_word' id='word_1_135' title='bbox 2055 2099 2282 2157; x_wconf 90' lang='lat' dir='ltr'>somnia</span> <span class='ocrx_word' id='word_1_136' title='bbox 2329 2095 2763 2177; x_wconf 89' lang='lat' dir='ltr'>interpretandi</span> <span class='ocrx_word' id='word_1_137' title='bbox 2817 2115 2910 2155; x_wconf 87' lang='lat' dir='ltr'>ex-</span> 
     </span>
     <span class='ocr_line' id='line_1_19' title="bbox 571 2192 2910 2277; baseline -0.002 -20"><span class='ocrx_word' id='word_1_138' title='bbox 571 2200 810 2277; x_wconf 85' lang='lat' dir='ltr'>stitisse,</span> <span class='ocrx_word' id='word_1_139' title='bbox 843 2216 1016 2275; x_wconf 91' lang='lat' dir='ltr'>quam</span> <span class='ocrx_word' id='word_1_140' title='bbox 1047 2198 1237 2256; x_wconf 89' lang='lat' dir='ltr'>secuti</span> <span class='ocrx_word' id='word_1_141' title='bbox 1267 2196 1590 2272; x_wconf 86' lang='lat' dir='ltr'>scriptores</span> <span class='ocrx_word' id='word_1_142' title='bbox 1622 2192 1806 2252; x_wconf 89' lang='lat' dir='ltr'>libros</span> <span class='ocrx_word' id='word_1_143' title='bbox 1836 2205 2318 2276; x_wconf 88' lang='lat' dir='ltr'>composuerunt,</span> <span class='ocrx_word' id='word_1_144' title='bbox 2348 2215 2596 2275; x_wconf 89' lang='lat' dir='ltr'>eamque</span> <span class='ocrx_word' id='word_1_145' title='bbox 2623 2198 2910 2256; x_wconf 90' lang='lat' dir='ltr'>rationem</span> 
     </span>
     <span class='ocr_line' id='line_1_20' title="bbox 575 2291 2910 2374; baseline -0.001 -20"><span class='ocrx_word' id='word_1_146' title='bbox 575 2314 727 2355; x_wconf 87' lang='lat' dir='ltr'>unus</span> <span class='ocrx_word' id='word_1_147' title='bbox 785 2295 857 2354; x_wconf 91' lang='lat' dir='ltr'>ab</span> <span class='ocrx_word' id='word_1_148' title='bbox 915 2293 1100 2354; x_wconf 78' lang='lat' dir='ltr'>altero</span> <span class='ocrx_word' id='word_1_149' title='bbox 1161 2295 1394 2371; x_wconf 87' lang='lat' dir='ltr'>excepit</span> <span class='ocrx_word' id='word_1_150' title='bbox 1452 2291 1598 2350; x_wconf 90' lang='lat' dir='ltr'>nihil</span> <span class='ocrx_word' id='word_1_151' title='bbox 1647 2292 1786 2349; x_wconf 89' lang='lat' dir='ltr'>novi</span> <span class='ocrx_word' id='word_1_152' title='bbox 1833 2291 2081 2374; x_wconf 85' lang='lat' dir='ltr'>addens3</span> <span class='ocrx_word' id='word_1_153' title='bbox 2139 2295 2338 2373; x_wconf 91' lang='lat' dir='ltr'>itaque</span> <span class='ocrx_word' id='word_1_154' title='bbox 2387 2296 2619 2354; x_wconf 89' lang='lat' dir='ltr'>etiamsi</span> <span class='ocrx_word' id='word_1_155' title='bbox 2667 2293 2910 2353; x_wconf 89' lang='lat' dir='ltr'>eandem</span> 
     </span>
     <span class='ocr_line' id='line_1_21' title="bbox 567 2389 2912 2472; baseline -0.001 -20"><span class='ocrx_word' id='word_1_156' title='bbox 567 2396 1120 2472; x_wconf 86' lang='lat' dir='ltr'>interpretationem</span> <span class='ocrx_word' id='word_1_157' title='bbox 1183 2399 1359 2470; x_wconf 87' lang='lat' dir='ltr'>atque</span> <span class='ocrx_word' id='word_1_158' title='bbox 1423 2390 1578 2468; x_wconf 89' lang='lat' dir='ltr'>apud</span> <span class='ocrx_word' id='word_1_159' title='bbox 1636 2389 1699 2448; x_wconf 88' lang='lat' dir='ltr'>A.</span> <span class='ocrx_word' id='word_1_160' title='bbox 1758 2389 1910 2467; x_wconf 87' lang='lat' dir='ltr'>apud</span> <span class='ocrx_word' id='word_1_161' title='bbox 1971 2389 2163 2463; x_wconf 16' lang='lat' dir='ltr'>alium*</span> <span class='ocrx_word' id='word_1_162' title='bbox 2208 2393 2500 2471; x_wconf 88' lang='lat' dir='ltr'>quendam</span> <span class='ocrx_word' id='word_1_163' title='bbox 2561 2394 2912 2470; x_wconf 80' lang='lat' dir='ltr'>invenimuS,</span> 
     </span>
     <span class='ocr_line' id='line_1_22' title="bbox 573 2487 2909 2570; baseline -0.001 -20"><span class='ocrx_word' id='word_1_164' title='bbox 573 2492 783 2552; x_wconf 81' lang='lat' dir='ltr'>salsum</span> <span class='ocrx_word' id='word_1_165' title='bbox 833 2491 974 2552; x_wconf 91' lang='lat' dir='ltr'>mihi</span> <span class='ocrx_word' id='word_1_166' title='bbox 1024 2492 1259 2551; x_wconf 89' lang='lat' dir='ltr'>videtur</span> <span class='ocrx_word' id='word_1_167' title='bbox 1306 2489 1600 2548; x_wconf 82' lang='lat' dir='ltr'>affirmare</span> <span class='ocrx_word' id='word_1_168' title='bbox 1648 2487 1761 2546; x_wconf 87' lang='lat' dir='ltr'>hoc</span> <span class='ocrx_word' id='word_1_169' title='bbox 1809 2490 2182 2566; x_wconf 89' lang='lat' dir='ltr'>potissimum</span> <span class='ocrx_word' id='word_1_170' title='bbox 2231 2491 2382 2551; x_wconf 90' lang='lat' dir='ltr'>libro</span> <span class='ocrx_word' id='word_1_171' title='bbox 2430 2510 2605 2551; x_wconf 88' lang='lat' dir='ltr'>usum</span> <span class='ocrx_word' id='word_1_172' title='bbox 2645 2509 2775 2550; x_wconf 88' lang='lat' dir='ltr'>esse</span> <span class='ocrx_word' id='word_1_173' title='bbox 2814 2490 2909 2570; x_wconf 87' lang='lat' dir='ltr'>A.;</span> 
     </span>
     <span class='ocr_line' id='line_1_23' title="bbox 572 2585 2906 2664; baseline -0.001 -14"><span class='ocrx_word' id='word_1_174' title='bbox 572 2590 675 2649; x_wconf 89' lang='lat' dir='ltr'>sed</span> <span class='ocrx_word' id='word_1_175' title='bbox 724 2593 865 2650; x_wconf 87' lang='lat' dir='ltr'>satis</span> <span class='ocrx_word' id='word_1_176' title='bbox 912 2589 1234 2649; x_wconf 89' lang='lat' dir='ltr'>habeamus</span> <span class='ocrx_word' id='word_1_177' title='bbox 1282 2589 1482 2647; x_wconf 89' lang='lat' dir='ltr'>dicere</span> <span class='ocrx_word' id='word_1_178' title='bbox 1530 2587 1618 2645; x_wconf 91' lang='lat' dir='ltr'>eis</span> <span class='ocrx_word' id='word_1_179' title='bbox 1668 2585 2035 2664; x_wconf 87' lang='lat' dir='ltr'>temporibus</span> <span class='ocrx_word' id='word_1_180' title='bbox 2074 2607 2202 2647; x_wconf 89' lang='lat' dir='ltr'>eam</span> <span class='ocrx_word' id='word_1_181' title='bbox 2242 2608 2372 2650; x_wconf 86' lang='lat' dir='ltr'>esse</span> <span class='ocrx_word' id='word_1_182' title='bbox 2412 2592 2687 2650; x_wconf 86' lang='lat' dir='ltr'>usitatam</span> <span class='ocrx_word' id='word_1_183' title='bbox 2726 2592 2906 2649; x_wconf 89' lang='lat' dir='ltr'>inter-</span> 
     </span>
     <span class='ocr_line' id='line_1_24' title="bbox 572 2682 2910 2767; baseline -0.002 -19"><span class='ocrx_word' id='word_1_184' title='bbox 572 2691 994 2767; x_wconf 86' lang='lat' dir='ltr'>pretationem:</span> <span class='ocrx_word' id='word_1_185' title='bbox 1060 2687 1288 2748; x_wconf 90' lang='lat' dir='ltr'>acccdit</span> <span class='ocrx_word' id='word_1_186' title='bbox 1354 2684 1508 2764; x_wconf 91' lang='lat' dir='ltr'>quod</span> <span class='ocrx_word' id='word_1_187' title='bbox 1580 2682 1810 2743; x_wconf 89' lang='lat' dir='ltr'>nullum</span> <span class='ocrx_word' id='word_1_188' title='bbox 1869 2685 1992 2744; x_wconf 83' lang='lat' dir='ltr'>fere</span> <span class='ocrx_word' id='word_1_189' title='bbox 2051 2686 2120 2745; x_wconf 89' lang='lat' dir='ltr'>ad</span> <span class='ocrx_word' id='word_1_190' title='bbox 2178 2704 2285 2747; x_wconf 90' lang='lat' dir='ltr'>nos</span> <span class='ocrx_word' id='word_1_191' title='bbox 2341 2688 2613 2765; x_wconf 89' lang='lat' dir='ltr'>pervenit</span> <span class='ocrx_word' id='word_1_192' title='bbox 2669 2686 2739 2745; x_wconf 91' lang='lat' dir='ltr'>de</span> <span class='ocrx_word' id='word_1_193' title='bbox 2799 2685 2910 2744; x_wconf 88' lang='lat' dir='ltr'>hac</span> 
     </span>
     <span class='ocr_line' id='line_1_25' title="bbox 571 2782 2912 2872; baseline -0.002 -26"><span class='ocrx_word' id='word_1_194' title='bbox 571 2790 815 2847; x_wconf 88' lang='lat' dir='ltr'>materie</span> <span class='ocrx_word' id='word_1_195' title='bbox 875 2805 1040 2865; x_wconf 90' lang='lat' dir='ltr'>opus.</span> <span class='ocrx_word' id='word_1_196' title='bbox 1133 2785 1513 2863; x_wconf 90' lang='lat' dir='ltr'>Hippocratis</span> <span class='ocrx_word' id='word_1_197' title='bbox 1572 2801 1711 2842; x_wconf 89' lang='lat' dir='ltr'>sane</span> <span class='ocrx_word' id='word_1_198' title='bbox 1768 2784 1829 2841; x_wconf 91' lang='lat' dir='ltr'>in</span> <span class='ocrx_word' id='word_1_199' title='bbox 1886 2782 2038 2843; x_wconf 88' lang='lat' dir='ltr'>libro</span> <span class='ocrx_word' id='word_1_200' title='bbox 2096 2783 2319 2844; x_wconf 91' lang='lat' dir='ltr'>similes</span> <span class='ocrx_word' id='word_1_201' title='bbox 2367 2783 2538 2843; x_wconf 91' lang='lat' dir='ltr'>nobis</span> <span class='ocrx_word' id='word_1_202' title='bbox 2587 2792 2912 2872; x_wconf 83' lang='lat' dir='ltr'>occurrunt</span> 
     </span>
     <span class='ocr_line' id='line_1_26' title="bbox 571 2873 2913 2964; baseline -0.002 -21"><span class='ocrx_word' id='word_1_203' title='bbox 571 2886 1094 2964; x_wconf 86' lang='lat' dir='ltr'>interpretationes</span> <span class='ocrx_word' id='word_1_204' title='bbox 1151 2893 1329 2962; x_wconf 89' lang='lat' dir='ltr'>atque</span> <span class='ocrx_word' id='word_1_205' title='bbox 1389 2873 1842 2961; x_wconf 77' lang='lat' dir='ltr'>Artemidori3),</span> <span class='ocrx_word' id='word_1_206' title='bbox 1899 2880 2144 2941; x_wconf 90' lang='lat' dir='ltr'>dubium</span> <span class='ocrx_word' id='word_1_207' title='bbox 2201 2889 2398 2941; x_wconf 91' lang='lat' dir='ltr'>tamen</span> <span class='ocrx_word' id='word_1_208' title='bbox 2453 2881 2712 2962; x_wconf 88' lang='lat' dir='ltr'>videtur,</span> <span class='ocrx_word' id='word_1_209' title='bbox 2769 2899 2913 2940; x_wconf 92' lang='lat' dir='ltr'>num</span> 
     </span>
     <span class='ocr_line' id='line_1_27' title="bbox 574 2977 2913 3060; baseline -0.002 -18"><span class='ocrx_word' id='word_1_210' title='bbox 574 2982 894 3060; x_wconf 86' lang='lat' dir='ltr'>perlegerit</span> <span class='ocrx_word' id='word_1_211' title='bbox 951 2983 1008 3042; x_wconf 90' lang='lat' dir='ltr'>id</span> <span class='ocrx_word' id='word_1_212' title='bbox 1067 3000 1220 3060; x_wconf 93' lang='lat' dir='ltr'>opus</span> <span class='ocrx_word' id='word_1_213' title='bbox 1277 2988 1379 3039; x_wconf 89' lang='lat' dir='ltr'>aut</span> <span class='ocrx_word' id='word_1_214' title='bbox 1436 2978 1767 3058; x_wconf 89' lang='lat' dir='ltr'>perlectum</span> <span class='ocrx_word' id='word_1_215' title='bbox 1824 2977 2187 3059; x_wconf 85' lang='lat' dir='ltr'>adhibuerit,</span> <span class='ocrx_word' id='word_1_216' title='bbox 2237 2982 2514 3059; x_wconf 91' lang='lat' dir='ltr'>quoniam</span> <span class='ocrx_word' id='word_1_217' title='bbox 2557 2979 2657 3039; x_wconf 91' lang='lat' dir='ltr'>ille</span> <span class='ocrx_word' id='word_1_218' title='bbox 2705 2986 2913 3039; x_wconf 89' lang='lat' dir='ltr'>auctor</span> 
     </span>
     <span class='ocr_line' id='line_1_28' title="bbox 575 3077 2911 3158; baseline -0 -19"><span class='ocrx_word' id='word_1_219' title='bbox 575 3080 646 3138; x_wconf 89' lang='lat' dir='ltr'>de</span> <span class='ocrx_word' id='word_1_220' title='bbox 722 3082 1000 3139; x_wconf 91' lang='lat' dir='ltr'>universa</span> <span class='ocrx_word' id='word_1_221' title='bbox 1064 3080 1311 3138; x_wconf 91' lang='lat' dir='ltr'>materie</span> <span class='ocrx_word' id='word_1_222' title='bbox 1378 3079 1733 3137; x_wconf 87' lang='lat' dir='ltr'>sententiam</span> <span class='ocrx_word' id='word_1_223' title='bbox 1797 3093 2046 3153; x_wconf 89' lang='lat' dir='ltr'>prorsus</span> <span class='ocrx_word' id='word_1_224' title='bbox 2111 3077 2281 3138; x_wconf 90' lang='lat' dir='ltr'>aliam</span> <span class='ocrx_word' id='word_1_225' title='bbox 2345 3078 2483 3139; x_wconf 87' lang='lat' dir='ltr'>tulit</span> <span class='ocrx_word' id='word_1_226' title='bbox 2547 3087 2722 3158; x_wconf 87' lang='lat' dir='ltr'>atque</span> <span class='ocrx_word' id='word_1_227' title='bbox 2787 3078 2911 3138; x_wconf 86' lang='lat' dir='ltr'>Art.</span> 
     </span>
     <span class='ocr_line' id='line_1_29' title="bbox 572 3175 2912 3256; baseline -0.001 -19"><span class='ocrx_word' id='word_1_228' title='bbox 572 3177 962 3256; x_wconf 86' lang='lat' dir='ltr'>Hippocrates</span> <span class='ocrx_word' id='word_1_229' title='bbox 1021 3181 1177 3238; x_wconf 88' lang='lat' dir='ltr'>enim</span> <span class='ocrx_word' id='word_1_230' title='bbox 1237 3177 1504 3237; x_wconf 91' lang='lat' dir='ltr'>medicus</span> <span class='ocrx_word' id='word_1_231' title='bbox 1565 3183 1656 3234; x_wconf 88' lang='lat' dir='ltr'>est</span> <span class='ocrx_word' id='word_1_232' title='bbox 1712 3175 2074 3252; x_wconf 89' lang='lat' dir='ltr'>somniisque</span> <span class='ocrx_word' id='word_1_233' title='bbox 2132 3179 2400 3256; x_wconf 92' lang='lat' dir='ltr'>corporis</span> <span class='ocrx_word' id='word_1_234' title='bbox 2458 3184 2676 3237; x_wconf 89' lang='lat' dir='ltr'>statum</span> <span class='ocrx_word' id='word_1_235' title='bbox 2735 3179 2912 3255; x_wconf 84' lang='lat' dir='ltr'>signi-</span> 
     </span>
     <span class='ocr_line' id='line_1_30' title="bbox 572 3275 2912 3357; baseline 0 -23"><span class='ocrx_word' id='word_1_236' title='bbox 572 3277 737 3335; x_wconf 80' lang='lat' dir='ltr'>ficari</span> <span class='ocrx_word' id='word_1_237' title='bbox 802 3276 1160 3357; x_wconf 88' lang='lat' dir='ltr'>morbosque</span> <span class='ocrx_word' id='word_1_238' title='bbox 1229 3275 1643 3355; x_wconf 87' lang='lat' dir='ltr'>praenuntiari</span> <span class='ocrx_word' id='word_1_239' title='bbox 1709 3281 1938 3354; x_wconf 89' lang='lat' dir='ltr'>censet;</span> <span class='ocrx_word' id='word_1_240' title='bbox 2003 3276 2065 3335; x_wconf 91' lang='lat' dir='ltr'>A.</span> <span class='ocrx_word' id='word_1_241' title='bbox 2129 3278 2494 3336; x_wconf 90' lang='lat' dir='ltr'>somniorum</span> <span class='ocrx_word' id='word_1_242' title='bbox 2552 3278 2669 3336; x_wconf 88' lang='lat' dir='ltr'>vim</span> <span class='ocrx_word' id='word_1_243' title='bbox 2726 3275 2912 3336; x_wconf 86' lang='lat' dir='ltr'>multo</span> 
     </span>
     <span class='ocr_line' id='line_1_31' title="bbox 571 3370 2547 3454; baseline 0.001 -22"><span class='ocrx_word' id='word_1_244' title='bbox 571 3376 854 3434; x_wconf 88' lang='lat' dir='ltr'>maiorem</span> <span class='ocrx_word' id='word_1_245' title='bbox 904 3394 1036 3435; x_wconf 89' lang='lat' dir='ltr'>esse</span> <span class='ocrx_word' id='word_1_246' title='bbox 1083 3393 1276 3454; x_wconf 91' lang='lat' dir='ltr'>neque</span> <span class='ocrx_word' id='word_1_247' title='bbox 1327 3374 1398 3434; x_wconf 88' lang='lat' dir='ltr'>ad</span> <span class='ocrx_word' id='word_1_248' title='bbox 1446 3370 1687 3431; x_wconf 91' lang='lat' dir='ltr'>morbos</span> <span class='ocrx_word' id='word_1_249' title='bbox 1735 3379 1966 3432; x_wconf 88' lang='lat' dir='ltr'>tantum</span> <span class='ocrx_word' id='word_1_250' title='bbox 2013 3376 2314 3453; x_wconf 88' lang='lat' dir='ltr'>pertinere</span> <span class='ocrx_word' id='word_1_251' title='bbox 2361 3381 2547 3452; x_wconf 86' lang='lat' dir='ltr'>putat.</span> 
     </span>
    </p>

    <p class='ocr_par' dir='ltr' id='par_1_7' title="bbox 571 3498 2910 3651">
     <span class='ocr_line' id='line_1_32' title="bbox 753 3498 2910 3570; baseline 0.001 -18"><span class='ocrx_word' id='word_1_252' title='bbox 753 3501 803 3569; x_wconf 93' lang='lat'>1)</span> <span class='ocrx_word' id='word_1_253' title='bbox 843 3500 1010 3555; x_wconf 87' lang='lat' dir='ltr'>Cuius</span> <span class='ocrx_word' id='word_1_254' title='bbox 1056 3518 1086 3555; x_wconf 92' lang='lat' dir='ltr'>e</span> <span class='ocrx_word' id='word_1_255' title='bbox 1134 3501 1278 3555; x_wconf 86' lang='lat' dir='ltr'>libro</span> <span class='ocrx_word' id='word_1_256' title='bbox 1318 3501 1607 3570; x_wconf 80' lang='lat' dir='ltr'>complura.</span> <span class='ocrx_word' id='word_1_257' title='bbox 1643 3498 1898 3554; x_wconf 79' lang='lat' dir='ltr'>hausisse</span> <span class='ocrx_word' id='word_1_258' title='bbox 1937 3500 2349 3556; x_wconf 75' lang='lat' dir='ltr'>Artemidorum</span> <span class='ocrx_word' id='word_1_259' title='bbox 2389 3501 2554 3554; x_wconf 76' lang='lat' dir='ltr'>docet</span> <span class='ocrx_word' id='word_1_260' title='bbox 2591 3500 2766 3567; x_wconf 89' lang='lat' dir='ltr'>Oder,</span> <span class='ocrx_word' id='word_1_261' title='bbox 2805 3499 2910 3555; x_wconf 77' lang='lat' dir='ltr'>Rh.</span> 
     </span>
     <span class='ocr_line' id='line_1_33' title="bbox 571 3579 1141 3651; baseline 0.005 -18"><span class='ocrx_word' id='word_1_262' title='bbox 571 3579 710 3634; x_wconf 81' lang='lat' dir='ltr'>Mus.</span> <span class='ocrx_word' id='word_1_263' title='bbox 754 3586 889 3634; x_wconf 88' lang='grc'><strong>1890</strong></span> <span class='ocrx_word' id='word_1_264' title='bbox 926 3601 979 3651; x_wconf 90' lang='lat' dir='ltr'>p.</span> <span class='ocrx_word' id='word_1_265' title='bbox 1020 3587 1141 3637; x_wconf 86' lang='grc'>637.</span> 
     </span>
    </p>

    <p class='ocr_par' dir='ltr' id='par_1_8' title="bbox 752 3660 1710 3731">
     <span class='ocr_line' id='line_1_34' title="bbox 752 3660 1710 3731; baseline 0.001 -18"><span class='ocrx_word' id='word_1_266' title='bbox 752 3664 805 3728; x_wconf 88' lang='grc'>2)</span> <span class='ocrx_word' id='word_1_267' title='bbox 845 3660 1125 3715; x_wconf 86' lang='lat' dir='ltr'>Susemihl</span> <span class='ocrx_word' id='word_1_268' title='bbox 1161 3662 1336 3731; x_wconf 63' lang='lat' dir='ltr'>negat</span> <span class='ocrx_word' id='word_1_269' title='bbox 1372 3661 1398 3713; x_wconf 92' lang='lat' dir='ltr'>I</span> <span class='ocrx_word' id='word_1_270' title='bbox 1436 3664 1557 3728; x_wconf 79' lang='lat'>875,</span> <span class='ocrx_word' id='word_1_271' title='bbox 1591 3665 1710 3714; x_wconf 90' lang='grc'><strong>188.</strong></span> 
     </span>
    </p>

    <p class='ocr_par' dir='ltr' id='par_1_9' title="bbox 753 3738 1728 3812">
     <span class='ocr_line' id='line_1_35' title="bbox 753 3738 1728 3812; baseline 0.001 -19"><span class='ocrx_word' id='word_1_272' title='bbox 753 3744 808 3810; x_wconf 86' lang='grc'>3)</span> <span class='ocrx_word' id='word_1_273' title='bbox 848 3740 1103 3812; x_wconf 84' lang='lat' dir='ltr'>Exempli</span> <span class='ocrx_word' id='word_1_274' title='bbox 1140 3758 1308 3797; x_wconf 83' lang='lat' dir='ltr'>causa</span> <span class='ocrx_word' id='word_1_275' title='bbox 1347 3738 1728 3796; x_wconf 81' lang='lat' dir='ltr'>consentiunt:</span> 
     </span>
    </p>

    <p class='ocr_par' dir='ltr' id='par_1_10' title="bbox 574 3820 2911 4376">
     <span class='ocr_line' id='line_1_36' title="bbox 1066 3820 2828 3894; baseline 0.001 -18"><span class='ocrx_word' id='word_1_276' title='bbox 1066 3823 1440 3894; x_wconf 74' lang='lat' dir='ltr'>Hippocrates</span> <span class='ocrx_word' id='word_1_277' title='bbox 1478 3823 1564 3876; x_wconf 90' lang='lat' dir='ltr'>ed.</span> <span class='ocrx_word' id='word_1_278' title='bbox 1604 3822 1786 3875; x_wconf 79' lang='lat' dir='ltr'>Kiihn.</span> <span class='ocrx_word' id='word_1_279' title='bbox 1859 3822 1967 3876; x_wconf 88' lang='lat' dir='ltr'>vol.</span> <span class='ocrx_word' id='word_1_280' title='bbox 2007 3820 2077 3877; x_wconf 87' lang='lat'>11.</span> <span class='ocrx_word' id='word_1_281' title='bbox 2709 3821 2828 3878; x_wconf 72' lang='lat' dir='ltr'>Art.</span> 
     </span>
     <span class='ocr_line' id='line_1_37' title="bbox 574 3894 2875 3973; baseline -0 -17"><span class='ocrx_word' id='word_1_282' title='bbox 574 3922 625 3971; x_wconf 92' lang='lat' dir='ltr'>p.</span> <span class='ocrx_word' id='word_1_283' title='bbox 666 3910 722 3956; x_wconf 87' lang='lat'>9:</span> <span class='ocrx_word' id='word_1_284' title='bbox 773 3896 859 3956; x_wconf 77' lang='grc' dir='ltr'>ὅτι</span> <span class='ocrx_word' id='word_1_285' title='bbox 897 3898 953 3955; x_wconf 87' lang='grc' dir='ltr'>δ’</span> <span class='ocrx_word' id='word_1_286' title='bbox 985 3895 1058 3957; x_wconf 72' lang='grc' dir='ltr'>ἂν</span> <span class='ocrx_word' id='word_1_287' title='bbox 1097 3900 1271 3972; x_wconf 88' lang='grc' dir='ltr'><strong><em>με’λαν</em></strong></span> <span class='ocrx_word' id='word_1_288' title='bbox 1308 3894 1346 3973; x_wconf 82' lang='grc' dir='ltr'><em>ᾗ</em></span> <span class='ocrx_word' id='word_1_289' title='bbox 1386 3902 1482 3955; x_wconf 76' lang='grc' dir='ltr'>καὶ</span> <span class='ocrx_word' id='word_1_290' title='bbox 1515 3898 1589 3972; x_wconf 88' lang='grc' dir='ltr'>μὴ</span> <span class='ocrx_word' id='word_1_291' title='bbox 1622 3898 1890 3972; x_wconf 75' lang='grc' dir='ltr'><strong><em>καθαρὸν</em></strong></span> <span class='ocrx_word' id='word_1_292' title='bbox 1920 3898 2061 3971; x_wconf 76' lang='grc' dir='ltr'><strong><em>μηδὲ</em></strong></span> <span class='ocrx_word' id='word_1_293' title='bbox 2092 3897 2316 3971; x_wconf 65' lang='grc' dir='ltr'><strong><em>ἀφανὲς</em></strong></span> <span class='ocrx_word' id='word_1_294' title='bbox 2341 3904 2548 3956; x_wconf 83' lang='grc' dir='ltr'><strong><em>νοῦσον</em></strong></span> <span class='ocrx_word' id='word_1_295' title='bbox 2661 3908 2779 3969; x_wconf 84' lang='grc'><strong>134,</strong></span> <span class='ocrx_word' id='word_1_296' title='bbox 2807 3907 2875 3955; x_wconf 87' lang='grc'>26</span> 
     </span>
     <span class='ocr_line' id='line_1_38' title="bbox 767 3977 2911 4053; baseline 0 -17"><span class='ocrx_word' id='word_1_297' title='bbox 767 3983 1028 4053; x_wconf 80' lang='grc' dir='ltr'><strong><em>σημαίνει</em></strong></span> <span class='ocrx_word' id='word_1_298' title='bbox 1057 3979 1186 4037; x_wconf 74' lang='grc' dir='ltr'><strong><em>οὔτε</em></strong></span> <span class='ocrx_word' id='word_1_299' title='bbox 1218 3980 1314 4037; x_wconf 73' lang='grc' dir='ltr'>διὰ</span> <span class='ocrx_word' id='word_1_300' title='bbox 1345 3979 1672 4052; x_wconf 85' lang='grc' dir='ltr'><strong><em>πλησμονὴν</em></strong></span> <span class='ocrx_word' id='word_1_301' title='bbox 1703 3978 1834 4036; x_wconf 75' lang='grc' dir='ltr'><strong><em>οὔτε</em></strong></span> <span class='ocrx_word' id='word_1_302' title='bbox 1865 3977 1960 4036; x_wconf 79' lang='grc' dir='ltr'>διὰ</span> <span class='ocrx_word' id='word_1_303' title='bbox 1993 3979 2229 4037; x_wconf 77' lang='grc' dir='ltr'><strong><em>κένωσιν</em></strong></span> <span class='ocrx_word' id='word_1_304' title='bbox 2258 3977 2381 4036; x_wconf 76' lang='grc' dir='ltr'><strong><em>ἄλλ’</em></strong></span> <span class='ocrx_word' id='word_1_305' title='bbox 2416 3981 2547 4047; x_wconf 81' lang='grc' dir='ltr'><strong><em>ἔξω·</em></strong></span> <span class='ocrx_word' id='word_1_306' title='bbox 2650 3979 2911 4051; x_wconf 82' lang='grc' dir='ltr'><strong><em>πήρωσις.</em></strong></span> 
     </span>
     <span class='ocr_line' id='line_1_39' title="bbox 768 4058 1229 4131; baseline 0 -14"><span class='ocrx_word' id='word_1_307' title='bbox 768 4067 878 4118; x_wconf 91' lang='grc' dir='ltr'><strong><em>θεν</em></strong></span> <span class='ocrx_word' id='word_1_308' title='bbox 919 4058 1229 4131; x_wconf 78' lang='grc' dir='ltr'><strong><em>ἐπαγωγῆς.</em></strong></span> 
     </span>
     <span class='ocr_line' id='line_1_40' title="bbox 644 4137 2855 4217; baseline -0 -20"><span class='ocrx_word' id='word_1_309' title='bbox 644 4185 678 4212; x_wconf 90' lang='grc'>,,</span> <span class='ocrx_word' id='word_1_310' title='bbox 771 4141 824 4196; x_wconf 82' lang='grc' dir='ltr'><strong><em>εἰ</em></strong></span> <span class='ocrx_word' id='word_1_311' title='bbox 868 4141 931 4197; x_wconf 73' lang='grc' dir='ltr'>δὲ</span> <span class='ocrx_word' id='word_1_312' title='bbox 981 4144 1178 4208; x_wconf 77' lang='grc' dir='ltr'><em>δοκοίη</em></span> <span class='ocrx_word' id='word_1_313' title='bbox 1215 4137 1430 4197; x_wconf 72' lang='grc' dir='ltr'><strong><em>ὕεσθαι</em></strong></span> <span class='ocrx_word' id='word_1_314' title='bbox 1470 4138 1637 4197; x_wconf 69' lang='grc' dir='ltr'><strong><em>ὕδατι</em></strong></span> <span class='ocrx_word' id='word_1_315' title='bbox 1673 4145 1977 4217; x_wconf 75' lang='grc' dir='ltr'>μαλθακῷ,</span> <span class='ocrx_word' id='word_1_316' title='bbox 2030 4141 2093 4198; x_wconf 77' lang='grc' dir='ltr'>ἐν</span> <span class='ocrx_word' id='word_1_317' title='bbox 2133 4141 2293 4216; x_wconf 78' lang='grc' dir='ltr'><strong><em>εὖδίῃ</em></strong></span> <span class='ocrx_word' id='word_1_318' title='bbox 2334 4144 2433 4199; x_wconf 82' lang='grc' dir='ltr'>καὶ</span> <span class='ocrx_word' id='word_1_319' title='bbox 2469 4140 2545 4214; x_wconf 88' lang='grc' dir='ltr'>μὴ</span> <span class='ocrx_word' id='word_1_320' title='bbox 2675 4151 2759 4212; x_wconf 88' lang='grc'><strong>91,</strong></span> <span class='ocrx_word' id='word_1_321' title='bbox 2791 4150 2855 4196; x_wconf 88' lang='grc'><strong>19</strong></span> 
     </span>
     <span class='ocr_line' id='line_1_41' title="bbox 769 4220 2383 4295; baseline 0.001 -18"><span class='ocrx_word' id='word_1_322' title='bbox 769 4225 992 4293; x_wconf 81' lang='grc' dir='ltr'><strong><em>σφόδρα</em></strong></span> <span class='ocrx_word' id='word_1_323' title='bbox 1031 4220 1336 4294; x_wconf 82' lang='grc' dir='ltr'><strong><em>βρέχεσθαι</em></strong></span> <span class='ocrx_word' id='word_1_324' title='bbox 1374 4220 1515 4293; x_wconf 76' lang='grc' dir='ltr'><strong><em>μηδὲ</em></strong></span> <span class='ocrx_word' id='word_1_325' title='bbox 1557 4225 1758 4286; x_wconf 77' lang='grc' dir='ltr'><strong><em>δεινῶς</em></strong></span> <span class='ocrx_word' id='word_1_326' title='bbox 1794 4224 2099 4295; x_wconf 80' lang='grc' dir='ltr'><strong><em>χειμάζειν,</em></strong></span> <span class='ocrx_word' id='word_1_327' title='bbox 2138 4221 2383 4294; x_wconf 77' lang='grc' dir='ltr'><strong><em>ἀγαθόν.</em></strong></span> 
     </span>
     <span class='ocr_line' id='line_1_42' title="bbox 769 4298 2876 4376; baseline 0 -18"><span class='ocrx_word' id='word_1_328' title='bbox 769 4304 1055 4375; x_wconf 80' lang='grc' dir='ltr'><strong><em>κολυμβῆν</em></strong></span> <span class='ocrx_word' id='word_1_329' title='bbox 1097 4299 1158 4358; x_wconf 78' lang='grc' dir='ltr'>ἐν</span> <span class='ocrx_word' id='word_1_330' title='bbox 1195 4304 1360 4374; x_wconf 81' lang='grc' dir='ltr'><strong><em>λίμνῃ</em></strong></span> <span class='ocrx_word' id='word_1_331' title='bbox 1400 4298 1434 4373; x_wconf 80' lang='grc' dir='ltr'>ἢ</span> <span class='ocrx_word' id='word_1_332' title='bbox 1475 4302 1739 4376; x_wconf 77' lang='grc' dir='ltr'><strong><em>θαλάσσῃ</em></strong></span> <span class='ocrx_word' id='word_1_333' title='bbox 1780 4307 2042 4374; x_wconf 87' lang='grc' dir='ltr'><strong><em>σημαίνει</em></strong></span> <span class='ocrx_word' id='word_1_334' title='bbox 2079 4301 2183 4359; x_wconf 75' lang='grc' dir='ltr'>οὐκ</span> <span class='ocrx_word' id='word_1_335' title='bbox 2221 4301 2467 4374; x_wconf 72' lang='grc' dir='ltr'><strong><em>ἀγαθόν.</em></strong></span> <span class='ocrx_word' id='word_1_336' title='bbox 2662 4311 2780 4374; x_wconf 89' lang='grc'><strong>122,</strong></span> <span class='ocrx_word' id='word_1_337' title='bbox 2811 4312 2876 4359; x_wconf 89' lang='grc'>26</span> 
     </span>
    </p>
   </div>
   <div class='ocr_carea' id='block_1_4' title="bbox 571 4379 2856 4521">
    <p class='ocr_par' dir='ltr' id='par_1_11' title="bbox 571 4379 2856 4521">
     <span class='ocr_line' id='line_1_43' title="bbox 571 4379 2856 4455; baseline -0 -15"><span class='ocrx_word' id='word_1_338' title='bbox 571 4404 626 4455; x_wconf 90' lang='lat' dir='ltr'>p.</span> <span class='ocrx_word' id='word_1_339' title='bbox 649 4391 739 4439; x_wconf 82' lang='lat'>13:</span> <span class='ocrx_word' id='word_1_340' title='bbox 772 4381 988 4453; x_wconf 79' lang='grc' dir='ltr'><strong><em>ἐσθῆτα</em></strong></span> <span class='ocrx_word' id='word_1_341' title='bbox 1025 4382 1232 4453; x_wconf 77' lang='grc' dir='ltr'><strong><em>λευκὴν</em></strong></span> <span class='ocrx_word' id='word_1_342' title='bbox 1272 4379 1622 4438; x_wconf 75' lang='grc' dir='ltr'><strong><em>ἐνδεδύσθαι</em></strong></span> <span class='ocrx_word' id='word_1_343' title='bbox 1661 4379 1895 4455; x_wconf 74' lang='grc' dir='ltr'><strong><em>ἀγαθόν</em></strong></span> <span class='ocrx_word' id='word_1_344' title='bbox 2676 4393 2760 4455; x_wconf 86' lang='grc'>86,</span> <span class='ocrx_word' id='word_1_345' title='bbox 2788 4392 2856 4440; x_wconf 87' lang='grc'>23</span> 
     </span>
     <span class='ocr_line' id='line_1_44' title="bbox 573 4465 1010 4521; baseline -0.002 -1"><span class='ocrx_word' id='word_1_346' title='bbox 573 4469 631 4521; x_wconf 77' lang='lat' dir='ltr'>et</span> <span class='ocrx_word' id='word_1_347' title='bbox 666 4467 846 4519; x_wconf 78' lang='lat' dir='ltr'>multa.</span> <span class='ocrx_word' id='word_1_348' title='bbox 882 4465 1010 4519; x_wconf 83' lang='lat' dir='ltr'>alia.</span> 
     </span>
    </p>
   </div>
   <div class='ocr_carea' id='block_1_5' title="bbox 3172 401 3180 4549">
    <p class='ocr_par' dir='ltr' id='par_1_12' title="bbox 3172 401 3180 4549">
     <span class='ocr_line' id='line_1_45' title="bbox 3172 401 3180 4549; baseline 0 0"><span class='ocrx_word' id='word_1_349' title='bbox 3172 401 3180 4549; x_wconf 95' lang='lat' dir='ltr'> </span> 
     </span>
    </p>
   </div>
  </div>
 </body>
</html>
