3200 5167
1236 361 1720 424 ——133—

487 541 859 612 Quaesiverit
915 544 1205 624 quispiam
1262 543 1419 603 unde
1475 552 1712 621 praesto
1771 544 1995 604 fuerint
2041 546 2098 603 ei
2144 550 2230 604 tot
2278 546 2639 605 somniorum

309 648 583 720 eventus3
622 639 873 700 contulit
911 660 1012 701 eos
1051 644 1178 721 ipse
1219 644 1581 721 experientia
1622 649 1797 721 atque
1831 642 2267 703 observatione:
2306 642 2379 703 cl'.
2406 662 2463 721 p.
2494 640 2639 705 253.

308 738 462 799 Sane
518 738 700 798 multa
758 741 980 800 somnia
1039 740 1194 820 apud
1252 740 1396 800 alios
1452 742 1864 821 inveniuntur,
1921 742 2024 801 sed
2081 759 2155 800 ne
2212 741 2349 801 inde
2402 743 2638 820 quidem

307 845 505 917 potest
552 836 874 916 quidquam
921 839 1222 920 concludi3
1271 842 1490 899 etenim
1528 839 1684 918 apud
1723 841 1991 918 priorum
2031 857 2267 917 quoque
2306 847 2637 919 temporum

308 938 632 1014 scriptores
700 936 1014 996 nonnullos
1071 937 1274 997 eadem
1329 936 1611 1017 leguntur
1665 956 1858 1016 neque
1915 937 2192 997 efficitur·
2228 937 2390 1019 inde,
2454 958 2637 999 unum

306 1052 378 1094 ex
444 1032 628 1093 altero
695 1033 878 1095 libros
945 1038 1360 1116 exscripsisse3
1426 1036 1529 1096 sed
1595 1034 1713 1095 illis
1777 1034 2147 1114 temporibus
2210 1035 2346 1098 talia
2412 1040 2637 1097 somnia

305 1132 580 1193 omnihus
638 1142 774 1193 nota
831 1134 1015 1194 fuisse
1071 1134 1347 1194 videntur
1393 1127 1496 1218 (cf.
1543 1136 1944 1199 narrationem
1991 1134 2063 1194 de
2112 1134 2413 1195 Simonide
2461 1143 2520 1195 et
2567 1136 2637 1195 de

304 1231 537 1292 duobus
593 1230 946 1293 Arcadibus:
1012 1232 1128 1294 Cic.
1178 1232 1232 1293 d.
1281 1233 1335 1292 d.
1382 1232 1408 1291 Ι
1455 1228 1556 1294 56.
1603 1232 1657 1292 ΙΙ
1698 1225 1855 1317 135)
1922 1252 2030 1293 nec
2095 1235 2338 1293 scivisse
2406 1234 2638 1313 singuli,

303 1329 458 1410 apud
509 1348 685 1409 quem
732 1332 1126 1410 inveniantur,
1174 1332 1231 1392 id
1283 1331 1438 1410 quod
1485 1332 1594 1391 hac
1646 1350 1880 1410 quoque
1929 1338 2117 1391 aetate
2166 1333 2508 1410 saepissime
2557 1333 2636 1392 fit.

480 1427 664 1507 Magis
730 1429 1112 1490 delectaverit
1176 1431 1563 1510 quaesivisse,
1632 1449 1804 1509 quam
1870 1429 2355 1508 philosophorum
2418 1439 2636 1491 sectam

303 1516 546 1588 secutus
594 1529 672 1587 sit
708 1528 1135 1589 Artemidorus,
1209 1528 1481 1588 Forsitan
1516 1528 1763 1606 ‚dubitet
1811 1530 2100 1608 quispiam
2151 1546 2291 1588 num
2338 1529 2637 1607 putandus

297 1629 375 1686 sit
420 1626 809 1705 philosophus
855 1626 970 1707 ille,
1019 1629 1193 1687 cuius
1241 1645 1392 1706 opus
1439 1634 1641 1687 nostra
1690 1626 1928 1705 quidem
1977 1633 2165 1687 aetate
2213 1628 2639 1705 perridiculum

297 1725 533 1785 videtur
578 1727 821 1803 ineptiis
867 1733 1046 1805 atque
1095 1727 1535 1804 superstitione.
1609 1724 1814 1804 Neque
1863 1734 2060 1785 tamen
2107 1733 2200 1784 est
2246 1734 2362 1785 tam
2402 1728 2638 1804 ineptus

296 1823 448 1884 liber
502 1842 612 1884 nec
671 1825 848 1884 nimis
906 1825 1359 1902 superstitiosus
1416 1831 1483 1884 ut
1538 1826 1625 1884 eis
1681 1823 2049 1904 temporibus
2108 1823 2324 1902 quihus
2380 1827 2638 1902 scriptus

295 1931 405 1983 est.
481 1923 773 1983 Assentiri
810 1922 1095 1983 debemus
1124 1921 1422 1983 Ludovico
1452 1922 1838 1983 Friedlander
1869 1917 2291 2005 (Sittengesch.
2321 1917 2429 1983 1115
2457 1918 2638 2006 536),

160 2029 179 2048 ·
295 2024 400 2101 qui
473 2021 618 2081 haec
693 2021 893 2081 docet:
977 2023 1107 2082 Das
1172 2022 1346 2082 Buch
1419 2027 1577 2081 setzt
1639 2023 1815 2081 einen
1875 2023 2219 2096 yebildeten
2285 2022 2638 2083 Leserlcrez‘s

296 2137 545 2194 vorans,
612 2123 724 2180 der
787 2122 935 2181 eben
991 2122 1194 2181 solche
1249 2120 1624 2193 Meinunqen
1682 2120 1835 2179 iiber
1893 2123 1993 2180 die
2047 2120 2399 2180 Divination
2454 2123 2637 2197 hatte,

294 2222 412 2280 wie
455 2218 561 2290 A.;
600 2220 676 2293 J'e
728 2222 1002 2293 weniqer
1059 2222 1187 2280 dies
1232 2221 1408 2281 Buch
1465 2221 1627 2279 auch
1682 2237 1804 2279 nur
1859 2220 1993 2278 eine
2040 2219 2205 2295 Spur
2249 2236 2362 2279 von
2410 2223 2634 2295 eiqent-

296 2318 492 2377 licher
519 2315 752 2392 Mystik
787 2318 919 2375 und
944 2318 1378 2377 Phantasterez'
1411 2320 1593 2391 zeiqt,
1617 2318 1693 2391 ,se
1721 2324 2173 2391 consequenter,
2211 2322 2636 2393 verstc'indz'qer

293 2420 426 2477 und
468 2417 911 2476 methodischer
958 2433 1020 2475 es
1068 2418 1158 2489 ist,
1209 2418 1373 2477 desto
1419 2414 1827 2490 schzaqender
1874 2417 2118 2475 beweist
2160 2433 2237 2490 eS,
2285 2419 2401 2476 wie
2437 2421 2636 2492 weniq

295 2518 358 2576 in
389 2516 579 2591 J‘ener
620 2515 753 2575 Zeit
797 2516 957 2574 auch
996 2514 1437 2575 Nic'chternheit
1481 2516 1612 2574 und
1653 2516 1834 2580 selbst
1873 2516 1972 2574 ein
2005 2516 2302 2589 qewisser
2339 2516 2632 2576 Rationa-

293 2617 501 2674 lismus
549 2616 665 2674 den
710 2613 981 2672 Glauben
1029 2630 1110 2672 an
1157 2616 1291 2673 eine
1328 2611 1461 2688 fort
1495 2616 1628 2673 und
1654 2611 1788 2688 fort
1823 2615 1886 2673 in
1931 2614 2242 2673 Wundern
2279 2615 2411 2672 sich
2449 2615 2632 2687 offen-

296 2714 567 2773 barende
626 2710 980 2784 Vorsehuny
1035 2712 1147 2769 der
1200 2712 1410 2772 Gotter
1465 2712 1822 2770 ausschIOSS.
1916 2709 2159 2771 Accedit
2216 2708 2370 2787 quod
2423 2708 2634 2769 Suidas

293 2827 431 2870 eum
488 2816 653 2869 vocat
700 2799 1164 2891 φιλόσοφον.1)
1256 2809 1338 2868 Αο
1387 2809 1437 2867 si
1485 2809 1619 2886 quis
1667 2809 2011 2887 contendet,
2067 2825 2298 2867 errasse
2344 2809 2406 2866 in
2453 2827 2519 2867 ea
2568 2827 2632 2868 re

294 2909 537 2969 Suidam
598 2916 657 2966 et
712 2905 891 2965 alium
948 2907 1281 2984 respexisse
1338 2906 1779 2966 Artemidorum
1834 2906 2249 2987 philosophum
2308 2898 2483 2989 (Plin.
2540 2926 2630 2985 ep.

291 3006 371 3067 ΙΙΙ
412 2998 545 3090 11),
582 3006 881 3090 remittam
918 3022 1055 3063 eum
1092 3004 1163 3064 ad
1202 3003 1398 3065 locum
1439 3004 1656 3065 Suidae
1696 3024 1874 3084 supra
1912 3005 2238 3065 laudatum:
2286 2998 2633 3077 Πανύασις

279 3095 412 3165 ‘AL
448 3096 781 3184 νεώτερος,
821 3097 1216 3183 φιλόσοφος,
1252 3097 1403 3186 περὶ
1431 3097 1718 3184 ὀνείρων
1746 3102 1966 3184 βιβλία
1995 3095 2087 3181 β’,
2126 3102 2282 3162 unde
2314 3111 2631 3181 cognoscat

290 3203 580 3264 librorum
636 3203 1156 3263 onirocriticorum
1208 3210 1511 3263 auctorem
1559 3203 1728 3263 facile
1776 3203 2041 3281 potuisse
2089 3203 2150 3260 in
2197 3200 2628 3279 philosophiam

291 3319 528 3381 quoque
577 3298 939 3361 incumbere.
1031 3299 1204 3358 Aliud
1252 3309 1670 3378 argumentum
1715 3301 1827 3360 hoc
1875 3299 2089 3359 habeo:
2137 3300 2298 3358 misit
2335 3299 2398 3358 A.
2446 3297 2628 3359 libros

289 3401 547 3479 primum
595 3399 847 3459 alterum
896 3385 1139 3458 tertium
1186 3397 1256 3457 ad
1306 3398 1624 3459 Maximum
1671 3400 1914 3478 Tyrium
1961 3395 2404 3477 philosophum,
2457 3400 2628 3459 cuius

288 3501 352 3557 in
417 3499 623 3557 intima
688 3496 1082 3557 familiaritate
1147 3497 1331 3557 fuisse
1396 3496 1647 3558 videtur.
1749 3494 1947 3567 Quid?
2012 3495 2424 3574 philosophum
2490 3516 2624 3556 cum

289 3595 602 3674 vaniloquo
639 3594 877 3656 homine
917 3596 1405 3657 consuetudinem
1445 3596 1723 3657 habuisse
1763 3591 2014 3655 censes?
2049 3627 2137 3636 —
2174 3593 2290 3652 lam
2331 3612 2398 3652 ex
2439 3597 2627 3674 ipsius

288 3693 458 3756 libris
516 3713 966 3775 cognoscamus,
1022 3694 1162 3773 quid
1212 3694 1276 3762 A.
1324 3696 1395 3755 de
1444 3693 1812 3773 philosophis
1859 3693 2187 3772 censuerit3
2245 3700 2384 3752 sunt
2430 3700 2625 3753 autem

287 3794 351 3854 hi
398 3794 531 3875 loci,
576 3792 734 3853 unde
781 3795 910 3853 eius
955 3792 1169 3871 placita
1216 3792 1674 3872 intellegemusr.

468 3890 530 3951 P.
576 3885 725 3971 257,
770 3888 876 3952 14:
929 3891 1332 3971 φιλοσοφεῖν
1379 3900 1437 3950 et
1484 3897 1767 3972 φρονεῖν
1806 3879 2197 3971 (φρόνησις)
2245 3895 2312 3948 ut
2358 3890 2513 3947 inter
2562 3907 2623 3948 se

285 4008 549 4049 connexa
596 3998 656 4049 et
703 3988 1075 4049 cohaerentia
1123 3996 1545 4049 commemorat
1590 3981 1770 4072 (133,
1811 3979 1941 4071 13).

471 4242 521 4310 1)
560 4239 758 4296 Suidas
806 4238 1119 4311 sapientiae
1156 4240 1564 4310 professoribus
1605 4241 1790 4295 sectae
1828 4254 2032 4294 nomen
2068 4236 2272 4292 addere
2312 4237 2480 4304 solet,
2530 4252 2624 4291 eos

286 4321 389 4392 qui
434 4319 579 4377 tales
620 4322 919 4392 magistros
959 4319 1319 4390 audiverunt,
1364 4337 1547 4390 neque
1584 4323 1775 4376 autem
1813 4321 1964 4375 totos
2001 4316 2395 4389 philosophiae
2434 4335 2491 4370 se
2529 4319 2620 4372 de·

282 4403 511 4470 derunt,
561 4416 711 4456 mere
750 4401 1099 4472 φιλοσόφως
1134 4402 1327 4469 vocat,
1367 4404 1432 4456 ut
1466 4400 1816 4455 Alcibiadem
1858 4403 1916 4455 et
1950 4397 2280 4467 Dionysium
2321 4396 2622 4466 Syracusa-

280 4501 480 4539 norum
515 4484 826 4552 tyrannum.

2819 4385 2862 4430 »ἐν

2815 4441 2836 4465 ι
