3200 5167
1478 343 1961 408 —136—

539 521 926 609 θεόπεμπτα
967 530 1260 589 insomnia
1299 546 1371 588 an
1411 544 1585 587 causa
1628 525 1968 585 somniandi
2003 526 2065 584 in
2105 527 2251 604 ipsis
2279 526 2451 586 nohis
2478 528 2622 586 insit
2654 523 2752 605 13,
2786 523 2884 586 13.

541 625 690 709 206,
730 625 786 688 9.
882 628 1096 687 Amore
1150 633 1347 686 autem
1395 642 1531 703 erga
1581 641 1690 683 nos
1736 623 1975 683 adducti
2023 623 2117 683 dei
2166 625 2414 685 somniis
2462 625 2662 685 futura
2709 626 2883 702 signi·

544 727 748 804 licant,
808 732 874 783 ut
932 725 1031 802 qui
1093 724 1407 801 providere
1465 721 1637 782 nobis
1685 722 1963 781 studeant
2029 715 2409 806 (πρόνοια);
2456 719 2603 804 214,
2646 719 2724 783 11
2774 723 2883 782 cri-

542 825 688 883 mini
738 823 914 882 vertit
960 821 1306 881 auctoribus
1356 820 1642 881 librorum
1692 813 1845 898 περὶ
1894 817 2260 900 συνταγῶν,
2309 820 2468 900 quod
2509 840 2625 881 non
2665 820 2884 899 simpli-

544 924 694 982 citer
751 938 819 980 ea
874 918 1215 978 describant
1272 918 1557 999 remedia,
1621 936 1769 997 quae
1828 937 1859 977 a
1917 919 2042 979 deis
2090 918 2432 979 hominibus
2478 919 2887 998 significantur

549 1019 651 1082 sed
699 1019 941 1097 ineptiis
989 1019 1113 1076 suis
1161 1016 1511 1097 obscurent3
1559 1016 1674 1097 illi,
1722 1018 1930 1098 inquit,
1978 1014 2263 1078 δοκοῦσί
2304 1038 2416 1098 μοι
2461 1009 2583 1098 τὴν
2631 1010 2887 1078 ἑαυτῶν

545 1113 682 1192 ἕξιν
738 1107 1213 1195 ἐπιόεικνύειν,
1279 1106 1380 1177 ὅτι
1440 1113 1765 1177 δύνανται
1812 1106 2134 1175 πλάσσειν
2184 1106 2489 1191 ὀνείρους
2543 1114 2799 1194 μᾶλλον
2845 1102 2886 1192 ’ἢ

544 1208 617 1276 τὸ
676 1213 811 1276 τῶν
863 1211 1048 1275 θεῶν
1096 1206 1585 1295 φιλάνθρωπον
1634 1211 1942 1274 συνιέναι
1990 1214 2063 1276 cf.
2111 1211 2257 1288 214,
2300 1211 2400 1275 10.
2495 1212 2581 1272 Ad
2629 1230 2886 1273 amorem

544 1316 727 1393 igitur
785 1331 901 1392 quo
959 1312 1054 1372 dei
1106 1330 1344 1391 semper
1388 1332 1523 1373 vera
1573 1315 1917 1372 nuntiantes
1965 1304 2143 1395 (161,
2188 1306 2300 1395 14)
2350 1312 2657 1372 hominum
2703 1329 2889 1389 genus

546 1410 799 1491 amplexi
855 1419 994 1470 sunt
1040 1410 1186 1470 haec
1234 1410 1492 1470 remedia
1540 1410 1743 1470 refert.
1838 1409 2024 1469 Porro
2071 1404 2364 1489 πρόνοια
2412 1410 2582 1471 nobis
2630 1410 2890 1470 occurrit

550 1530 604 1588 p.
642 1508 696 1589 1,
725 1505 782 1568 6.
834 1505 978 1588 146,
1009 1505 1067 1587 3,
1114 1507 1219 1570 uhi
1263 1507 1640 1569 Providentia
1680 1509 1784 1569 dea
1833 1508 2152 1570 inducitur.

738 1606 798 1666 ld
849 1623 1084 1685 quoque
1132 1606 1248 1666 huc
1297 1608 1583 1686 pertinet,
1642 1607 1799 1685 quod
1858 1608 2218 1668 discernitur
2274 1608 2430 1666 inter
2486 1609 2710 1667 somnia
2758 1606 2890 1667 alle‘

552 1707 751 1785 gorica
800 1713 859 1765 et
905 1705 1346 1785 theorematum,
1392 1703 1452 1785 4,
1481 1703 1539 1765 9.
1588 1701 1736 1783 201,
1773 1703 1877 1785 13;
1924 1705 2070 1765 haec
2118 1706 2274 1765 enim
2323 1722 2473 1784 quae
2525 1705 2725 1764 futura
2755 1707 2889 1785 sint,

548 1804 704 1866 clare
743 1803 976 1882 docent,
1016 1806 1293 1883 quoniam
1333 1822 1481 1882 quae
1523 1805 1932 1882 significantur
1972 1805 2168 1864 statim
2216 1803 2486 1864 accident
2513 1800 2662 1883 201,
2685 1800 2765 1865 13
2786 1823 2891 1885 sq.,

548 1905 600 1963 si
645 1904 828 1981 igitur
875 1901 1152 1981 symbolis
1193 1901 1533 1962 difficilibus
1570 1910 1885 1963 uterentur
1922 1902 2036 1983 dei,
2085 1921 2199 1961 non
2239 1920 2380 1980 prae
2421 1904 2707 1980 angustiis
2749 1912 2891 1962 tem·
2933 1967 2936 1970 Α

550 2003 712 2080 poris
749 2018 1102 2079 praecavere
1141 2019 1454 2078 possemus
1482 1996 1541 2081 5,
1574 1998 1613 2061 5
1636 2021 1747 2082 sq.;
1795 2001 2104 2081 allegorica
2144 2009 2342 2061 autem
2380 2001 2490 2062 alia
2538 2002 2668 2063 aliis
2714 2005 2890 2081 signi·

553 2101 729 2160 licant
774 2097 843 2179 4,
877 2096 984 2178 18,
1034 2117 1182 2177 quac
1239 2106 1376 2177 post
1430 2099 1794 2179 aliquantum
1854 2102 2136 2180 temporis
2194 2100 2394 2160 futura
2460 2109 2600 2161 sunt
2663 2094 2762 2185 (5,
2805 2097 2891 2182 1),

553 2216 668 2276 quo
725 2203 990 2275 tempore
1041 2195 1451 2274 intellegemus
1509 2199 1733 2257 ratione
1791 2206 1966 2277 atque
2016 2199 2371 2276 cogitatione
2429 2201 2544 2278 usi,
2607 2216 2893 2278 quaenam

556 2299 643 2357 eis
709 2297 892 2374 signis
960 2294 1389 2372 significentur.
1446 2289 1504 2375 5,
1533 2294 1590 2357 3.
1683 2295 1730 2355 A
1788 2295 1915 2356 deis
1972 2303 2168 2357 autem
2236 2315 2370 2357 cum
2428 2296 2599 2357 nobis
2659 2299 2896 2357 veniant

557 2396 781 2454 somnia
840 2401 1042 2472 petere
1100 2391 1408 2472 dehemuS,
1473 2404 1536 2453 ut
1598 2395 1834 2455 mittant
1884 2426 1959 2436 —
2013 2412 2206 2473 neque
2258 2403 2450 2455 tamen
2504 2386 2671 2472 πρὸς
2734 2394 2892 2475 βίαν

554 2491 705 2574 206,
736 2490 776 2553 3
813 2526 881 2534 -
921 2501 980 2551 ct
1024 2490 1325 2551 obsecutis
1363 2494 1580 2570 gratias
1623 2510 1813 2571 agere.
1869 2487 2018 2574 205,
2058 2487 2144 2554 24
2173 2512 2258 2572 sq.
2318 2491 2473 2573 206,
2502 2490 2563 2554 4.
2612 2491 2760 2575 206,
2790 2488 2895 2554 21.

730 2591 849 2650 Iam
903 2592 1006 2669 qui
1054 2592 1353 2669 particeps
1401 2592 1478 2650 sit
1525 2580 1565 2670 ἡ
1617 2582 1793 2670 ψυχὴ
1843 2591 2245 2671 divinationiS‚
2295 2609 2410 2650 non
2473 2593 2614 2652 satis
2672 2592 2893 2651 clarum

564 2692 743 2749 fuisse
792 2689 1028 2749 videtur
1064 2688 1466 2749 Artemidoro:
1512 2685 1664 2768 206,
1704 2685 1815 2749 21:
1862 2679 2039 2762 ὅπως
2077 2681 2200 2769 χρὴ
2239 2681 2725 2771 προαγορεύειν
2764 2685 2893 2751 ἐπι-

556 2782 867 2867 τρεπτέον
914 2777 1090 2871 αὖτῷ
1138 2783 1237 2868 τῷ,
1275 2784 1414 2871 θεῷ
1460 2777 1501 2867 ἢ
1549 2791 1629 2870 τῇ
1672 2783 1913 2848 ἑαυτοῦ
1957 2785 2156 2869 ψυχῇ.
2214 2784 2363 2868 206,
2399 2784 2476 2848 9:
2524 2778 2560 2847 ὃ
2599 2780 2721 2867 μὲν
2766 2778 2895 2868 γὰρ

556 2879 716 2958 θεὸς
779 2877 947 2963 πρὸς
999 2877 1073 2945 τὸ
1130 2875 1643 2966 ἀποβησόμενον
1700 2884 1936 2947 δίδωσι
1996 2878 2154 2957 τοὺς
2209 2874 2515 2966 ὀνείρους
2569 2884 2647 2969 τῇ
2715 2893 2892 2970 ψυχῇ

558 2980 678 3044 τοῦ
719 2974 1015 3061 ὁρῶντος
1053 2974 1252 3061 φύσει
1290 2982 1570 3064 μαντικῇ
1615 2978 1782 3065 οὔσῃ
1821 2972 1862 3063 ἢ
1904 2986 1969 3044 εἴ
1995 3003 2060 3045 τι
2100 2973 2259 3043 ἄλλο
2301 2978 2481 3044 ἐστὶν
2520 2985 2738 3047 αἴτιον
2773 2983 2898 3046 τοῦ

558 3071 1015 3162 ὀνειρώσσειν;
1063 3083 1409 3159 participem
1460 3091 1656 3141 autem
1706 3100 1836 3142 esse
1885 3099 1993 3160 pro
2040 3089 2206 3142 certo
2246 3091 2361 3163 est3
2409 3082 2716 3143 audiamus
2755 3083 2896 3162 quid

561 3179 690 3239 aliis
735 3178 884 3238 locis
931 3189 1194 3239 censeat:
1251 3176 1321 3259 4,
1359 3175 1446 3241 25
1495 3171 1756 3261 ὄνειρός
1803 3176 1938 3240 ἐστι
2001 3179 2261 3259 κίνησις
2305 3168 2346 3259 ἢ
2394 3172 2634 3253 πλάσις
2681 3186 2900 3261 ψυχῆς

560 3268 1004 3355 πολυσχήμων
1034 3269 1400 3356 σημαντικὴ
1429 3280 1566 3337 τῶν
1597 3263 1933 3356 ἐσομένων
1964 3270 2246 3357 ἀγαθῶν
2275 3266 2578 3357 ἢκακῶν.
2626 3275 2772 3358 238,
2790 3276 2900 3339 18:

564 3366 731 3435 ὅθεν
777 3366 865 3433 ἄν
907 3392 1007 3445 τις
1052 3368 1161 3434 καὶ
1209 3368 1489 3453 μάλιστα
1537 3370 1913 3456 καταμάθοι
1962 3366 2065 3436 ὅτι
2100 3372 2216 3454 τῆς
2262 3373 2477 3456 ψυχῆς
2523 3374 2684 3457 ἔργα
2730 3371 2902 3439 εἰσὶν

562 3470 632 3533 οῖ
677 3465 928 3554 ὄνειροι
972 3466 1082 3533 καὶ
1131 3463 1232 3533 ὅτι
1281 3463 1402 3553 οὐχ
1449 3463 1579 3532 ὑπό
1624 3493 1803 3546 τινος
1850 3469 2103 3548 ἔξωθεν
2159 3473 2487 3552 γίνονται.
2576 3474 2660 3535 cf.
2698 3473 2756 3555 8,
2801 3473 2901 3537 10.

564 3568 711 3650 201,
752 3569 809 3632 7.
855 3567 1002 3652 219,
1042 3569 1100 3633 3.
1148 3568 1297 3651 223,
1337 3569 1438 3634 26.
1488 3570 1637 3652 261,
1675 3569 1776 3633 20.
1869 3571 2072 3649 ltaque
2130 3573 2181 3632 si
2238 3573 2427 3632 anima
2478 3575 2897 3634 somniantium

565 3672 862 3749 particeps
909 3677 999 3730 est
1046 3672 1409 3730 somniorum
1460 3673 1518 3730 in
1568 3671 2059 3748 interpretatione
2107 3670 2479 3748 respicienda
2527 3679 2668 3731 sunt
2712 3673 2898 3731 inter-

564 3771 718 3848 preti
765 3777 971 3828 natura
1020 3783 1334 3847 moresque
1382 3768 1767 3829 consulentis,
1817 3763 1918 3847 15,
1949 3764 2098 3844 5sq.
2146 3765 2295 3846 237,
2330 3765 2427 3828 19.

744 3865 980 3925 Somnia
1028 3868 1211 3943 igitur
1259 3866 1367 3926 alia
1416 3868 1564 3927 deus
1612 3870 1894 3947 immittit,
1942 3885 2091 3945 quae
2140 3869 2329 3926 anima
2379 3868 2599 3944 excipit
2654 3876 2906 3950 tantum,

564 3964 671 4024 alia
720 3967 847 4043 ipsa
894 3964 1076 4043 fingit.

739 4062 925 4122 Porro
972 4062 1258 4124 discernit
1302 4064 1367 4124 A.
1415 4066 1571 4124 inter
1618 4065 1813 4124 inania
1862 4064 2087 4123 somnia
2135 4071 2195 4123 et
2239 4063 2439 4123 futura
2493 4064 2903 4141 significantia.

565 4160 762 4221 luania
812 4170 952 4221 sunt
997 4156 1277 4223 ἐνύπνια
1322 4156 1433 4223 καὶ
1480 4154 1949 4241 φαντάσματας
2009 4153 2291 4222 ἐνύπνια
2348 4168 2488 4220 sunt
2534 4157 2902 4241 σημαντικὰ

564 4258 699 4320 τῶν
766 4251 977 4321 ὄντων
1043 4258 1102 4341 3,
1143 4258 1200 4342 7,
1265 4252 1676 4340 ἀναμνήσεις
1740 4277 1948 4320 eorum
2011 4277 2161 4337 quae
2230 4259 2422 4318 facere
2453 4311 2466 4322 .
2489 4259 2579 4319 vel
2644 4263 2904 4339 cogitare

569 4358 852 4439 solemus,
911 4376 1084 4435 quam
1142 4358 1217 4417 oh
1264 4377 1390 4418 rem
1436 4358 1585 4417 nihil
1631 4357 1966 4437 significant
2010 4354 2144 4418 τῶν
2194 4350 2527 4436 ἐσομένων
2578 4355 2676 4438 73,
2708 4357 2793 4419 24
2814 4378 2900 4439 sq.

569 4452 673 4534 91,
701 4453 802 4516 27.
849 4452 997 4534 238,
1027 4453 1093 4534 3;
1159 4457 1352 4517 oritur
1408 4464 1602 4516 autem
1658 4457 2015 4517 insomnium
2065 4472 2137 4514 ex
2184 4453 2358 4514 britta
2414 4454 2764 4536 cupiditate,
2813 4476 2902 4517 sa-
