3200 5167
1235 369 1713 432 -123—

302 563 477 630 genta
543 553 840 613 volumina
896 552 1163 632 scripsit,
1221 550 1582 611 Carneadem
1651 552 1713 610 in
1772 550 2082 611 Academia
2140 550 2496 611 subsecutus
2554 560 2644 611 est

303 652 554 729 eiusque
601 653 978 730 potissimum
1026 650 1266 710 decreta
1313 651 1438 709 suis
1488 648 1915 727 scriptionibus
1962 648 2294 710 illustravit.
2389 649 2640 710 Schiche

302 749 382 808 ita
421 758 896 827 argumentatur:
944 767 1015 808 ex
1055 746 1404 807 Clitomachi
1443 746 1700 825 quodam
1740 746 1892 806 libro
1932 746 2279 810 Ciceronem
2317 750 2642 827 sumpsisse

303 865 590 907 summam
648 848 786 908 inde
843 857 1110 927 apparet:
1167 844 1487 905 Carneadis
1542 845 1615 905 de
1663 846 1776 906 div.
1825 846 2175 926 sententiaS,
2232 864 2380 924 quae
2426 846 2641 907 litteris

305 946 607 1007 mandatae
647 955 833 1028 erant,
873 945 1082 1006 Cicero
1120 946 1181 1003 in
1220 961 1399 1022 opere
1439 963 1547 1004 suo
1586 942 1842 1025 profert3
1889 945 2045 1003 inter
2083 942 2407 1023 discipulos
2443 952 2640 1005 autem

303 1045 645 1126 CarneadiS,
703 1047 804 1124 qui
851 1049 1392 1105 commemorantur
1438 1044 1499 1101 in
1548 1042 1722 1102 Acad.
1781 1060 1871 1121 pr.
1910 1041 1961 1100 11
2004 1039 2112 1122 16,
2176 1049 2415 1120 praeter
2467 1043 2640 1104 Clito·

304 1142 578 1226 machum
641 1142 842 1204 nullus
905 1141 1089 1202 libros
1155 1142 1515 1221 composuit3
1590 1141 1846 1221 accedit,
1921 1140 2076 1219 quod
2145 1140 2543 1202 Clitomachus
2609 1162 2638 1203 a

304 1241 588 1301 Cicerone
653 1244 783 1320 ipso
849 1239 1178 1320 appellatur
1224 1235 1420 1299 1187.
1515 1238 1629 1298 Sed
1701 1257 1850 1317 quae
1918 1239 2098 1299 fuerit
2163 1242 2291 1300 eius
2356 1238 2493 1300 libri
2553 1242 2638 1301 in-

304 1341 549 1418 scriptio
597 1341 913 1400 nescimus

483 1436 757 1515 Optimus
813 1436 885 1496 de
941 1436 1036 1495 his
1093 1433 1541 1514 quaestionibus
1589 1443 1799 1496 auctor
1845 1433 2017 1495 nobis
2064 1443 2157 1495 est
2201 1435 2480 1516 Cicero,
2538 1439 2641 1514 qui

304 1538 430 1613 ipse
487 1536 559 1595 de
617 1536 976 1596 divinatione
1033 1534 1182 1593 duos
1240 1533 1424 1593 libros
1481 1536 1748 1612 scripsit3
1804 1541 1988 1612 ‘atque
2046 1535 2104 1593 in
2154 1535 2352 1612 priore
2401 1525 2639 1613 quidem

304 1635 544 1694 fratrem
586 1633 873 1704 Quintum
917 1634 1058 1693 facit
1096 1632 1512 1692 defendentem
1553 1631 1888 1693 Stoicorum
1929 1633 2244 1713 rationem3
2291 1631 2476 1692 altero
2513 1636 2640 1712 ipse

300 1741 500 1811 partes
575 1735 695 1812 agit
760 1734 1161 1792 recentiorum
1228 1729 1720 1791 Academicorum
1787 1729 2059 1810 tollitque
2125 1749 2357 1791 omnem
2424 1730 2640 1791 divina·

307 1831 528 1890 tionem
576 1841 634 1891 et
682 1831 1073 1891 artificiosum
1122 1837 1181 1890 et
1230 1828 1496 1889 naturale
1543 1847 1747 1907 genus,

1402 2219 1547 2301 §2

352 2377 836 2477 ALIORVM
900 2379 1046 2475 DE
1113 2339 1850 2476 DIVINATIONE
1916 2379 2053 2475 ET
2120 2378 2573 2475 MAXIME

956 2540 1101 2636 DE
1169 2536 1613 2637 SOMNIIS
1679 2538 1987 2636 LIBRI.

1360 2739 1573 2747 ..ἁ-..-

478 2864 648 2927 Nunc
723 2886 860 2927 cum
933 2867 1421 2947 philosophorum
1496 2866 1568 2927 de
1636 2865 1992 2926 divinatione
2059 2865 2272 2947 placita
2336 2865 2639 2946 librosque

302 2965 573 3043 proferre
621 2975 869 3026 conatus
918 2968 1048 3048 sim,
1095 2968 1211 3025 iam
1259 2983 1409 3044 quae
1456 2964 1554 3025 alii
1603 2973 1739 3025 ante
1777 2965 2220 3025 Artemidorum
2267 2965 2642 3027 decreverint

299 3070 360 3123 et
407 3065 757 3142 scripserint
804 3064 876 3124 de
925 3064 1039 3146 illa,
1087 3067 1337 3124 maxime
1385 3065 1458 3124 de
1507 3064 1771 3143 somniiS‚
1820 3064 2025 3141 paucis
2073 3062 2394 3141 explicabo,

478 3160 692 3221 Ordior
748 3161 820 3222 ab
868 3161 1336 3243 Hippocrate,
1392 3164 1564 3223 cuius
1623 3164 1779 3222 inter
1838 3163 2060 3239 scripta
2117 3163 2418 3221 invenitur
2464 3181 2638 3242 opus·

301 3258 505 3320 culum
550 3254 700 3339 περὶ
749 3255 1115 3341 ἐνυπνίωνς
1164 3259 1437 3321 dubitant
1484 3278 1626 3320 sane
1676 3261 1785 3319 viri
1832 3259 2010 3340 docti,
2058 3278 2201 3320 num
2249 3263 2638 3339 compositum

297 3357 376 3416 sit
440 3355 512 3415 ab
579 3358 707 3436 ipso
763 3358 1149 3439 Hippocrate,
1216 3368 1409 3420 tamen
1476 3360 1711 3419 etiamsi
1775 3358 2044 3418 medicus
2109 3357 2207 3417 ille
2273 3357 2639 3419 clarissimus

295 3463 506 3515 auctor
552 3473 671 3515 non
709 3464 818 3536 est,
865 3455 1233 3534 temporibus
1275 3459 1418 3517 satis
1466 3458 1726 3535 antiquis
1776 3474 1982 3516 omnes
2032 3451 2384 3535 tribuunt.¹)
2459 3457 2637 3518 Medi·

297 3570 407 3613 cus
454 3560 616 3613 certe
663 3564 871 3613 auctor
919 3564 1027 3632 est,
1073 3554 1144 3614 ad
1195 3555 1546 3615 medicinam
1594 3557 1753 3615 enim
1792 3556 1988 3613 omnia
2028 3554 2153 3614 fere
2192 3557 2520 3634 pertinent:
2568 3575 2638 3616 ex

295 3652 609 3711 insomniis
668 3661 874 3712 censet
929 3652 1168 3713 morbos
1222 3655 1602 3714 imminentes
1658 3671 1834 3731 posse
1882 3655 2160 3731 cognosci
2206 3663 2638 3733 praeceptaque

296 3750 423 3827 dat,
481 3748 696 3827 quibus
754 3759 1085 3811 arceantur.
1178 3750 1324 3811 Nam
1384 3770 1518 3812 cum
1576 3750 1886 3830 vigilamus
1934 3753 2118 3811 servit
2164 3754 2356 3811 anima
2405 3755 2640 3831 corpori

296 3856 357 3907 et
423 3847 704 3907 dividitur
762 3848 1193 3925 quodammodo
1251 3848 1552 3929 sensibuS,
1617 3851 1679 3908 in
1736 3866 1942 3907 somno
1998 3847 2183 3908 libera
2239 3857 2356 3929 est3
2420 3852 2636 3908 insom-

295 3947 532 4005 niorum
607 3954 803 4006 autem
873 3945 1152 4006 nonnulla
1223 3955 1359 4007 sunt
1426 3946 1622 4007 divina
1683 3978 1769 3989 —-
1834 3936 2039 4007 ὁκόσα
2112 3939 2237 4026 μὲν
2308 3935 2433 4006 οὖν
2502 3945 2637 4008 τῶν

295 4038 633 4115 ἐνυπνίων
688 4033 846 4103 θεῖά
893 4038 1030 4102 ἐστι
1075 4037 1186 4103 καὶ
1231 4043 1673 4125 προσημαίνει
1718 4037 1868 4105 τινὰ
1919 4036 2392 4125 συμβησόμενα
2439 4034 2480 4125 ἢ
2526 4039 2638 4105 πό-

478 4179 530 4248 1)
567 4177 857 4247 Petersen,
914 4195 1095 4249 progr.
1153 4178 1353 4235 Hamb.
1407 4185 1543 4235 1839
1591 4197 1647 4249 p.
1685 4186 1771 4236 30.
1851 4180 2103 4250 Sauppe,
2167 4180 2237 4233 de
2284 4179 2636 4250 Antiphonte

298 4257 554 4327 sophista
588 4258 703 4315 ind.
745 4258 919 4314 schol.
951 4258 1099 4314 Gott.
1132 4264 1267 4314 1867
1299 4279 1353 4330 p.
1388 4266 1468 4317 18.
1526 4259 1707 4316 Zeller
1735 4259 1785 4313 1⁴
1815 4266 1933 4315 633.
1993 4260 2274 4315 Susemihl
2301 4259 2327 4314 I
2356 4267 2476 4325 869,
2510 4266 2637 4331 1663

300 4337 542 4393 babetur
579 4354 616 4392 a
649 4338 843 4393 multis
881 4338 975 4393 hic
1012 4338 1242 4394 libellus
1278 4356 1380 4409 pro
1421 4339 1844 4395 continuatione
1882 4338 2014 4394 libri
2051 4342 2121 4394 de
2165 4340 2382 4406 diaeta3
2431 4341 2641 4395 similia

294 4416 447 4474 enim
493 4419 798 4489 praecepta
842 4420 911 4473 de
950 4418 1233 4475 alimentis
1268 4419 1570 4485 addendis,
1622 4418 2009 4489 detrahendis,
2058 4420 2127 4474 de
2165 4420 2445 4475 medicina
2480 4439 2636 4491 gym-

293 4496 516 4552 nastica
548 4497 610 4551 in
646 4514 711 4553 eo
747 4501 1149 4568 proponuntur.
1224 4498 1304 4558 Cf.
1342 4499 1501 4556 Fabr.
1540 4500 1677 4556 bibl.
1717 4517 1801 4569 gr.
1840 4500 1893 4553 ΙΙ
1932 4503 2031 4554 581
2073 4500 2227 4555 Harl.
