3200 5167
1228 390 1310 397 —-
1409 351 1713 416 135-

307 537 552 597 somniis
607 537 1090 614 somniorumque
1148 536 1636 613 interpretatione
1694 532 1983 614 scribere,
2043 534 2145 595 sed
2204 537 2380 595 etiam
2435 554 2641 596 causas

306 653 667 714 cognoscere
719 666 795 678 -—
846 639 1135 713 quantum
1188 641 1386 713 potest
1432 666 1515 675 —
1565 634 1949 711 cognitasque
1998 631 2291 712 explicare
2337 635 2398 693 in
2446 636 2640 694 animo

305 733 502 795 hahet.
592 730 791 805 Quid?
846 732 1232 812 philosophus
1290 731 1521 792 videtur
1577 749 1694 792 non
1749 731 1957 812 fuisse,
2015 731 2172 810 quod
2229 749 2435 791 verum
2492 735 2642 792 tanti

307 834 604 893 aestimat
634 851 827 911 neque
885 831 1042 891 aliud
1093 833 1619 909 pronuntiaturum
1665 849 1729 889 se
1771 847 1908 889 esse
1951 831 2071 888 nisi
2115 828 2260 889 illud
2306 828 2641 908 promittit?

316 926 465 1011 105,
504 928 610 992 21.
658 926 815 1012 253,
857 926 956 990 16.
1009 926 1152 1009 167,
1193 924 1306 991 16;
1454 931 1668 990 ,ἴστω
1718 918 1819 989 ὅτι
1867 918 2317 1009 εὑρεσιλογεῖν
2362 922 2484 1008 μὲν
2530 923 2638 989 καὶ

303 1021 795 1090 πιθανεύεσθαι
840 1019 1021 1106 κάγὼ
1067 1044 1247 1087 πανυ
1294 1024 1519 1101 ἱκανὸς
1558 1011 1641 1107 ἦν
1700 1016 1847 1087 ἀλλ’
1894 1017 1978 1086 οὐ
2010 1024 2495 1141 &eatpoxpmsag
2530 1020 2639 1086 καὶ

302 1118 382 1189 τὰ
439 1134 577 1200 τοῖς
632 1117 1069 1205 λογεμπόροις
1125 1116 1493 1205 ἀρέσκοντα
1543 1143 1701 1186 ποτε
1747 1121 2112 1204 μετῆλθον,
2170 1114 2316 1184 αλλ’
2372 1117 2470 1184 ἀεὶ
2515 1113 2639 1202 τὴν

301 1233 541 1308 πεῖραν
597 1217 899 1305 μάρτυρα
956 1216 1065 1284 καὶ
1118 1215 1375 1285 κανόνα
1428 1221 1565 1285 τῶν
1621 1218 1798 1303 ἐμῶν
1854 1212 2076 1300 λόγων
2123 1217 2506 1303 ἐπιβοῶμαι.
2554 1255 2636 1263 -—

303 1321 517 1382 Libros
592 1323 772 1400 igitur
843 1322 1254 1381 onirocriticos
1320 1331 1386 1383 ut
1450 1323 1519 1383 ad
1587 1341 1762 1382 suum
1829 1338 1979 1399 opus
2047 1322 2412 1399 pertinentes
2478 1321 2637 1399 legit.

305 1416 503 1490 Quid?
557 1418 702 1479 alios
760 1436 876 1479 nou
933 1416 1250 1496 cognovit?
1308 1419 1577 1480 Sane.in
1626 1419 1929 1480 veteribus
1979 1419 2217 1497 scriptis
2267 1419 2530 1479 studiose
2579 1427 2639 1477 et

309 1518 557 1579 multum
625 1518 917 1579 volutatus
984 1524 1101 1598 est3
1166 1536 1339 1598 saepe
1406 1520 1561 1579 enim
1630 1521 1797 1578 citat:
1862 1516 2182 1577 Homerum
2247 1515 2310 1597 1,
2349 1515 2406 1578 3.
2472 1514 2543 1597 4,
2585 1514 2640 1577 7.

312 1615 454 1698 101,
483 1614 544 1677 4.
581 1612 680 1677 17.
721 1613 868 1696 261,
904 1613 1002 1696 11,
1039 1615 1358 1676 Pindarum
1398 1612 1502 1696 94,
1534 1613 1636 1678 13.
1674 1612 1823 1695 203,
1855 1611 1955 1694 17,
1995 1613 2315 1673 Hesiodum
2356 1612 2503 1689 238,
2534 1612 2639 1694 23,

301 1714 645 1794 Euripidem
678 1711 781 1793 97,
811 1709 915 1795 25,
962 1713 1411 1793 Lycophronem
1440 1711 1588 1794 241,
1621 1710 1722 1795 14,
1768 1712 2158 1772 Menandrum
2190 1708 2290 1792 89,
2314 1708 2371 1772 5.
2412 1708 2557 1792 105,
2580 1709 2638 1790 8,

300 1812 705 1892 Theognidem
726 1809 829 1892 60,
851 1810 909 1892 8,
939 1810 1391 1891 Xenophontem
1415 1810 1517 1893 60,
1540 1810 1598 1887 2,
1630 1810 2001 1872 Heraclidem
2032 1809 2343 1870 Ponticum
2367 1808 2513 1890 241,
2536 1807 2637 1889 14,

300 1910 677 1973 Aristotelem
728 1907 873 1992 108,
917 1909 1014 1972 11.
1067 1908 1165 1991 13,
1207 1907 1307 1990 14,
1352 1911 1739 1971 Parthenium
1789 1907 1935 1989 241,
1982 1906 2078 1989 15,
2128 1900 2286 1981 τοὺς
2331 1901 2481 1987 περὶ
2528 1927 2635 1988 με-

298 2003 794 2092 ταμορφώσεων
841 2006 1435 2090 μυθολογήσαντας
1483 2005 1629 2088 103,
1667 2005 1726 2069 2.

476 2107 728 2168 Fabulas
768 2126 1007 2186 quoque
1044 2108 1117 2169 de
1158 2108 1283 2169 deis
1314 2116 1372 2169 et
1400 2106 1685 2169 heroibus
1714 2110 1934 2187 optime
1964 2108 2126 2166 novit
2155 2123 2372 2184 easque
2402 2123 2636 2183 semper

302 2205 542 2267 adhibet
607 2206 678 2266 ad
745 2208 971 2265 somnia
1036 2205 1508 2285 interpretanda:
1576 2202 1731 2285 119,
1769 2202 1827 2266 5.
1867 2200 1969 2265 25.
2030 2199 2183 2283 137,
2224 2201 2282 2264 2.
2343 2201 2494 2282 142,
2534 2201 2636 2265 30.

304 2304 456 2386 144,
496 2304 554 2368 3.
607 2277 750 2384 145,
789 2303 848 2364 4.
892 2301 989 2366 14.
1042 2301 1186 2385 175,
1225 2303 1328 2367 22.
1379 2302 1523 2384 157,
1566 2302 1663 2365 13.
1712 2299 1859 2385 225,
1903 2298 2000 2363 11.
2049 2298 2195 2381 227,
2237 2299 2293 2362 3.
2343 2298 2490 2381 228,
2533 2298 2636 2362 26.

299 2401 590 2486 229,19.
638 2351 786 2484 230,
829 2399 883 2462 1.
931 2398 1176 2483 241,8.
1219 2400 1326 2484 143
1381 2421 1560 2481 porro
1609 2401 1839 2462 artibus
1884 2402 2196 2461 institutus
2244 2400 2428 2460 fuisse
2477 2399 2633 2458 vide-

299 2511 399 2564 tur
446 2520 515 2562 ex
564 2520 618 2580 p.
663 2497 816 2581 112,
861 2498 957 2562 14.
1009 2449 1154 2582 141,
1194 2496 1304 2581 25,
1351 2503 1692 2579 optimeque
1741 2501 1989 2560 historia
2037 2498 2320 2577 naturali,
2367 2497 2424 2556 id
2476 2497 2633 2576 quod

298 2608 542 2680 apparet
587 2618 658 2660 ex
704 2599 740 2659 1.
788 2597 841 2658 ΙΙ
888 2617 937 2659 c.
986 2596 1083 2659 14.

475 2696 637 2769 Quae
703 2716 839 2757 cum
905 2698 985 2757 ita
1042 2699 1187 2777 sint,
1255 2716 1389 2758 cum
1446 2696 1510 2757 A.
1569 2705 1777 2757 auctor
1833 2697 1975 2755 satis
2032 2694 2243 2754 doctus
2298 2693 2631 2772 litterisque

296 2803 628 2859 instructus
674 2795 972 2875 putandus
1020 2797 1115 2877 sit,
1163 2797 1469 2875 quaeritur
1517 2812 1658 2855 num
1707 2794 1811 2853 uni
1858 2792 2098 2852 alterive
2143 2789 2631 2870 philosophorum

296 2904 492 2957 sectae
554 2894 801 2955 attribui
846 2896 1051 2971 possit.
1142 2894 1334 2973 Atque
1381 2911 1490 2971 ego
1540 2892 1779 2972 quidem
1828 2908 2062 2970 censeo,
2110 2890 2160 2947 si
2208 2888 2379 2949 nobis
2427 2907 2633 2949 occur-

296 3003 431 3055 rant
490 2995 550 3053 in
613 2992 781 3052 libris
837 2991 995 3052 illius
1050 2991 1315 3071 legendis
1372 2991 1702 3071 complura,
1769 3006 1918 3068 quae
1976 2990 2036 3048 in
2093 2995 2312 3047 certam
2370 2986 2630 3047 scholam

295 3092 535 3174 cadant,
610 3090 682 3151 ab
758 3109 824 3151 ea
889 3090 1329 3151 Artemidorum
1405 3092 1643 3150 stetisse
1709 3087 1799 3148 vel
1864 3089 1993 3147 eius
2060 3087 2273 3146 studiis
2339 3084 2628 3145 imbutum

296 3193 509 3272 fuisse,
565 3189 746 3250 licere
802 3187 974 3248 nobis
1031 3188 1409 3249 contendere.
1502 3187 1708 3265 Neque
1760 3194 1954 3246 autem
2004 3202 2210 3244 omnes
2258 3185 2389 3243 eius
2436 3190 2630 3243 sectae

296 3290 625 3350 sententias
680 3286 835 3366 apud
884 3305 1020 3346 eum
1068 3273 1465 3367 inveniemus,
1522 3286 1577 3345 id
1630 3284 1786 3363 quod
1834 3282 2028 3343 elucet
2075 3300 2144 3343 ex
2193 3284 2320 3359 ipsa
2368 3283 2631 3360 materie,

294 3405 471 3466 quam
519 3394 759 3467 tractat3
805 3392 1011 3445 contra
1059 3385 1556 3463 acquiescendum
1607 3383 1778 3443 nobis
1826 3400 1955 3441 esse
2006 3398 2219 3440 censeo
2262 3382 2320 3438 in
2365 3381 2631 3457 quamvis

293 3488 501 3564 paucis
548 3486 732 3563 notis3
785 3484 1003 3544 etenim
1052 3484 1113 3541 in
1161 3484 1406 3543 somniis
1453 3480 1917 3559 interpretandis
1965 3481 2067 3558 qui
2114 3478 2198 3537 illi
2244 3476 2411 3537 locus
2458 3477 2630 3537 datus

294 3591 388 3644 est
433 3581 865 3663 philosophiam
911 3576 1223 3659 profiteri?
1269 3579 1423 3641 Sunt
1468 3590 1663 3641 autem
1706 3578 1891 3638 Stoici
1907 3572 1953 3659 1>
2001 3576 2354 3655 quibuscum
2396 3578 2629 3653 potissi-

295 3700 459 3741 mum
524 3687 864 3759 congruunt
919 3678 1280 3739 Artemidori
1341 3678 1580 3759 placita3
1645 3679 1845 3755 itaque
1913 3692 2061 3753 quae
2129 3673 2273 3733 mibi
2339 3673 2628 3751 quadrare

293 3780 573 3841 videntur
618 3781 682 3839 in
730 3796 849 3857 eos,
896 3796 1053 3837 nunc
1102 3776 1360 3837 afferam.

473 3877 665 3956 Atque
714 3877 970 3953 primum
1020 3874 1285 3955 quidem,
1342 3883 1627 3953 quantum
1677 3883 1913 3952 potero,
1962 3870 2311 3950 enucleabo,
2360 3888 2509 3948 quae
2557 3869 2628 3929 de

294 3977 541 4037 somniis
587 3975 753 4055 ipsiS,
800 3972 872 4033 de
921 3973 1149 4050 origine
1188 3991 1394 4033 eorum
1434 3981 1609 4052 atque
1649 3975 1704 4032 vi
1743 3974 2021 4032 universe
2060 3976 2248 4048 putet,
2295 3967 2431 4027 dein
2471 3985 2626 4027 com-

294 4073 515 4153 parabo
563 4092 701 4134 eum
748 4073 833 4132 eis
883 4090 1031 4150 quae
1082 4070 1297 4131 Stoicis
1343 4071 1593 4151 placent.
1633 4104 1718 4114 —
1757 4071 1915 4130 Haec
1964 4074 2194 4129 censet:
2251 4067 2476 4125 somnia
2523 4067 2627 4124 im-

291 4174 473 4233 missa
512 4179 653 4232 sunt
688 4190 719 4230 a
759 4171 912 4231 deis:
949 4160 1334 4249 θεόπεμπτα
1369 4166 1706 4249 καλοῦμεν
1740 4159 1820 4229 τὰ
1861 4158 2145 4228 ἐνύπνια
2183 4160 2262 4224 τὰ
2301 4154 2628 4241 ἀπροσδό-

290 4289 457 4350 κητα
495 4269 520 4329 1
557 4288 682 4347 cap.
722 4265 789 4349 63
846 4270 973 4346 ipse
1020 4268 1203 4345 igitur
1250 4286 1368 4327 non
1417 4270 1557 4348 iam,
1606 4275 1674 4327 ut
1709 4265 2083 4344 AristoteleS,
2130 4261 2384 4339 dubitat,
2434 4262 2628 4319 sintne

476 4480 528 4545 1)
568 4475 648 4532 Cf.
686 4475 848 4529 Fabr.
887 4473 1025 4531 bibl.
1064 4492 1145 4543 gr.
1184 4473 1337 4530 Harl.
1378 4475 1427 4528 V
1463 4477 1585 4529 260.
