<?xml version="1.0" encoding="UTF-8"?>
<!DOCTYPE html PUBLIC "-//W3C//DTD XHTML 1.0 Transitional//EN"
    "http://www.w3.org/TR/xhtml1/DTD/xhtml1-transitional.dtd">
<html xmlns="http://www.w3.org/1999/xhtml" xml:lang="en" lang="en">
 <head>
  <title>
</title>
<meta http-equiv="Content-Type" content="text/html;charset=utf-8" />
  <meta name='ocr-system' content='tesseract 3.04.00' />
  <meta name='ocr-capabilities' content='ocr_page ocr_carea ocr_par ocr_line ocrx_word'/>
</head>
<body>
  <div class='ocr_page' id='page_1' title='image "./deartemidorodal00reicgoog_0005.png"; bbox 0 0 3200 5167; ppageno 0'>
   <div class='ocr_carea' id='block_1_1' title="bbox 1152 1193 1827 1293">
    <p class='ocr_par' dir='ltr' id='par_1_1' title="bbox 1152 1193 1827 1293">
     <span class='ocr_line' id='line_1_1' title="bbox 1152 1193 1827 1293; baseline -0.001 0"><span class='ocrx_word' id='word_1_1' title='bbox 1152 1193 1827 1293; x_wconf 80' lang='lat' dir='ltr'><strong>PRAEFATIO.</strong></span> 
     </span>
    </p>
   </div>
   <div class='ocr_carea' id='block_1_2' title="bbox 317 1518 2659 2875">
    <p class='ocr_par' dir='ltr' id='par_1_2' title="bbox 319 1518 2659 2478">
     <span class='ocr_line' id='line_1_2' title="bbox 501 1518 2659 1584; baseline 0.003 -8"><span class='ocrx_word' id='word_1_2' title='bbox 501 1518 942 1579; x_wconf 86' lang='lat' dir='ltr'><strong>Artemidori</strong></span> <span class='ocrx_word' id='word_1_3' title='bbox 1007 1519 1335 1579; x_wconf 89' lang='lat' dir='ltr'><strong>Daldiani</strong></span> <span class='ocrx_word' id='word_1_4' title='bbox 1408 1521 1591 1582; x_wconf 93' lang='lat' dir='ltr'><strong>libros</strong></span> <span class='ocrx_word' id='word_1_5' title='bbox 1667 1525 2078 1584; x_wconf 87' lang='lat' dir='ltr'><strong>onirocriticos</strong></span> <span class='ocrx_word' id='word_1_6' title='bbox 2153 1524 2255 1584; x_wconf 90' lang='lat' dir='ltr'><strong>diu</strong></span> <span class='ocrx_word' id='word_1_7' title='bbox 2319 1526 2659 1583; x_wconf 88' lang='lat' dir='ltr'><strong>aestimave-</strong></span> 
     </span>
     <span class='ocr_line' id='line_1_3' title="bbox 321 1611 2659 1699; baseline 0.003 -23"><span class='ocrx_word' id='word_1_8' title='bbox 321 1624 461 1676; x_wconf 91' lang='lat' dir='ltr'><strong>runt</strong></span> <span class='ocrx_word' id='word_1_9' title='bbox 516 1618 745 1676; x_wconf 88' lang='lat' dir='ltr'><strong>minimi</strong></span> <span class='ocrx_word' id='word_1_10' title='bbox 808 1618 918 1676; x_wconf 91' lang='lat' dir='ltr'><strong>viri</strong></span> <span class='ocrx_word' id='word_1_11' title='bbox 983 1617 1142 1678; x_wconf 90' lang='lat' dir='ltr'><strong>docti</strong></span> <span class='ocrx_word' id='word_1_12' title='bbox 1167 1611 1217 1699; x_wconf 88' lang='lat'><strong>¹)</strong></span> <span class='ocrx_word' id='word_1_13' title='bbox 1282 1625 1561 1697; x_wconf 88' lang='lat' dir='ltr'><strong>tantaque</strong></span> <span class='ocrx_word' id='word_1_14' title='bbox 1627 1621 1948 1680; x_wconf 78' lang='lat' dir='ltr'><strong>etiamnum</strong></span> <span class='ocrx_word' id='word_1_15' title='bbox 2017 1621 2380 1682; x_wconf 82' lang='lat' dir='ltr'><strong>obscuritate</strong></span> <span class='ocrx_word' id='word_1_16' title='bbox 2458 1622 2659 1682; x_wconf 91' lang='lat' dir='ltr'><strong>obruti</strong></span> 
     </span>
     <span class='ocr_line' id='line_1_4' title="bbox 319 1714 2657 1799; baseline 0.003 -27"><span class='ocrx_word' id='word_1_17' title='bbox 319 1714 612 1794; x_wconf 89' lang='lat' dir='ltr'><strong>videntur,</strong></span> <span class='ocrx_word' id='word_1_18' title='bbox 659 1722 725 1774; x_wconf 87' lang='lat' dir='ltr'><strong>ut</strong></span> <span class='ocrx_word' id='word_1_19' title='bbox 772 1714 1048 1793; x_wconf 84' lang='lat' dir='ltr'><strong>permulti</strong></span> <span class='ocrx_word' id='word_1_20' title='bbox 1096 1718 1198 1794; x_wconf 92' lang='lat' dir='ltr'><strong>qui</strong></span> <span class='ocrx_word' id='word_1_21' title='bbox 1244 1718 1304 1775; x_wconf 91' lang='lat' dir='ltr'><strong>in</strong></span> <span class='ocrx_word' id='word_1_22' title='bbox 1354 1716 1546 1776; x_wconf 88' lang='lat' dir='ltr'><strong>studia</strong></span> <span class='ocrx_word' id='word_1_23' title='bbox 1593 1719 1964 1795; x_wconf 84' lang='lat' dir='ltr'><strong>antiquitatis</strong></span> <span class='ocrx_word' id='word_1_24' title='bbox 2021 1719 2376 1780; x_wconf 91' lang='lat' dir='ltr'><strong>incumbunt</strong></span> <span class='ocrx_word' id='word_1_25' title='bbox 2421 1728 2657 1799; x_wconf 90' lang='lat' dir='ltr'><strong>praeter</strong></span> 
     </span>
     <span class='ocr_line' id='line_1_5' title="bbox 321 1813 2657 1897; baseline 0.003 -26"><span class='ocrx_word' id='word_1_26' title='bbox 321 1831 535 1875; x_wconf 89' lang='lat' dir='ltr'><strong>nomen</strong></span> <span class='ocrx_word' id='word_1_27' title='bbox 581 1816 839 1873; x_wconf 90' lang='lat' dir='ltr'><strong>auctoris</strong></span> <span class='ocrx_word' id='word_1_28' title='bbox 878 1813 1024 1873; x_wconf 92' lang='lat' dir='ltr'><strong>nihil</strong></span> <span class='ocrx_word' id='word_1_29' title='bbox 1071 1814 1143 1873; x_wconf 90' lang='lat' dir='ltr'><strong>de</strong></span> <span class='ocrx_word' id='word_1_30' title='bbox 1191 1816 1278 1874; x_wconf 90' lang='lat' dir='ltr'><strong>eis</strong></span> <span class='ocrx_word' id='word_1_31' title='bbox 1318 1817 1607 1875; x_wconf 90' lang='lat' dir='ltr'><strong>noverint.</strong></span> <span class='ocrx_word' id='word_1_32' title='bbox 1684 1813 1836 1875; x_wconf 87' lang='lat' dir='ltr'><strong>Sane</strong></span> <span class='ocrx_word' id='word_1_33' title='bbox 1874 1834 2047 1876; x_wconf 88' lang='lat' dir='ltr'><strong>causa</strong></span> <span class='ocrx_word' id='word_1_34' title='bbox 2088 1818 2403 1895; x_wconf 85' lang='lat' dir='ltr'><strong>excogitari</strong></span> <span class='ocrx_word' id='word_1_35' title='bbox 2445 1825 2657 1897; x_wconf 88' lang='lat' dir='ltr'><strong>potest,</strong></span> 
     </span>
     <span class='ocr_line' id='line_1_6' title="bbox 320 1910 2655 1993; baseline 0.002 -24"><span class='ocrx_word' id='word_1_36' title='bbox 320 1928 427 1970; x_wconf 91' lang='lat' dir='ltr'><strong>cur</strong></span> <span class='ocrx_word' id='word_1_37' title='bbox 473 1930 538 1970; x_wconf 90' lang='lat' dir='ltr'><strong>ea</strong></span> <span class='ocrx_word' id='word_1_38' title='bbox 594 1910 924 1971; x_wconf 89' lang='lat' dir='ltr'><strong>humilitate</strong></span> <span class='ocrx_word' id='word_1_39' title='bbox 988 1920 1324 1993; x_wconf 88' lang='lat' dir='ltr'><strong>teneantur;</strong></span> <span class='ocrx_word' id='word_1_40' title='bbox 1391 1915 1525 1991; x_wconf 90' lang='lat' dir='ltr'><strong>quis</strong></span> <span class='ocrx_word' id='word_1_41' title='bbox 1582 1914 1739 1972; x_wconf 89' lang='lat' dir='ltr'><strong>enim</strong></span> <span class='ocrx_word' id='word_1_42' title='bbox 1798 1924 1917 1990; x_wconf 90' lang='lat' dir='ltr'><strong>est,</strong></span> <span class='ocrx_word' id='word_1_43' title='bbox 1982 1916 2083 1992; x_wconf 91' lang='lat' dir='ltr'><strong>qui</strong></span> <span class='ocrx_word' id='word_1_44' title='bbox 2137 1913 2232 1973; x_wconf 93' lang='lat' dir='ltr'><strong>his</strong></span> <span class='ocrx_word' id='word_1_45' title='bbox 2287 1914 2655 1991; x_wconf 88' lang='lat' dir='ltr'><strong>temporibus</strong></span> 
     </span>
     <span class='ocr_line' id='line_1_7' title="bbox 323 2007 2655 2089; baseline 0.003 -23"><span class='ocrx_word' id='word_1_46' title='bbox 323 2007 536 2069; x_wconf 89' lang='lat' dir='ltr'><strong>talibus</strong></span> <span class='ocrx_word' id='word_1_47' title='bbox 583 2010 822 2089; x_wconf 90' lang='lat' dir='ltr'><strong>ineptiis</strong></span> <span class='ocrx_word' id='word_1_48' title='bbox 868 2009 1042 2070; x_wconf 87' lang='lat' dir='ltr'><strong>fidem</strong></span> <span class='ocrx_word' id='word_1_49' title='bbox 1091 2007 1412 2070; x_wconf 81' lang='lat' dir='ltr'><strong>tribuerit?</strong></span> <span class='ocrx_word' id='word_1_50' title='bbox 1502 2009 1622 2071; x_wconf 90' lang='lat' dir='ltr'><strong>Nec</strong></span> <span class='ocrx_word' id='word_1_51' title='bbox 1671 2022 1867 2071; x_wconf 91' lang='lat' dir='ltr'><strong>tamen</strong></span> <span class='ocrx_word' id='word_1_52' title='bbox 1913 2011 2022 2071; x_wconf 98' lang='grc'><strong>1130</strong></span> <span class='ocrx_word' id='word_1_53' title='bbox 2071 2012 2143 2071; x_wconf 88' lang='lat' dir='ltr'><strong>de</strong></span> <span class='ocrx_word' id='word_1_54' title='bbox 2196 2030 2370 2072; x_wconf 89' lang='lat' dir='ltr'><strong>causa</strong></span> <span class='ocrx_word' id='word_1_55' title='bbox 2418 2014 2655 2072; x_wconf 89' lang='lat' dir='ltr'><strong>omnino</strong></span> 
     </span>
     <span class='ocr_line' id='line_1_8' title="bbox 324 2106 2654 2190; baseline 0.002 -25"><span class='ocrx_word' id='word_1_56' title='bbox 324 2106 695 2185; x_wconf 90' lang='lat' dir='ltr'><strong>relinquendi</strong></span> <span class='ocrx_word' id='word_1_57' title='bbox 753 2115 928 2185; x_wconf 88' lang='lat' dir='ltr'><strong>atque</strong></span> <span class='ocrx_word' id='word_1_58' title='bbox 985 2107 1307 2186; x_wconf 89' lang='lat' dir='ltr'><strong>respuendi</strong></span> <span class='ocrx_word' id='word_1_59' title='bbox 1363 2108 1534 2168; x_wconf 89' lang='lat' dir='ltr'><strong>nobis</strong></span> <span class='ocrx_word' id='word_1_60' title='bbox 1592 2119 1731 2169; x_wconf 90' lang='lat' dir='ltr'><strong>sunt</strong></span> <span class='ocrx_word' id='word_1_61' title='bbox 1785 2109 1870 2169; x_wconf 93' lang='lat' dir='ltr'><strong>illi</strong></span> <span class='ocrx_word' id='word_1_62' title='bbox 1924 2109 2083 2190; x_wconf 87' lang='lat' dir='ltr'><strong>libri;</strong></span> <span class='ocrx_word' id='word_1_63' title='bbox 2142 2109 2435 2189; x_wconf 88' lang='lat' dir='ltr'><strong>permulta</strong></span> <span class='ocrx_word' id='word_1_64' title='bbox 2499 2112 2654 2170; x_wconf 89' lang='lat' dir='ltr'><strong>enim</strong></span> 
     </span>
     <span class='ocr_line' id='line_1_9' title="bbox 319 2202 2654 2289; baseline 0.002 -26"><span class='ocrx_word' id='word_1_65' title='bbox 319 2206 586 2264; x_wconf 91' lang='lat' dir='ltr'><strong>invenies</strong></span> <span class='ocrx_word' id='word_1_66' title='bbox 633 2206 693 2264; x_wconf 87' lang='lat' dir='ltr'><strong>in</strong></span> <span class='ocrx_word' id='word_1_67' title='bbox 742 2206 826 2264; x_wconf 91' lang='lat' dir='ltr'><strong>eis</strong></span> <span class='ocrx_word' id='word_1_68' title='bbox 875 2204 944 2264; x_wconf 91' lang='lat' dir='ltr'><strong>ad</strong></span> <span class='ocrx_word' id='word_1_69' title='bbox 993 2213 1259 2285; x_wconf 88' lang='lat' dir='ltr'><strong>tempora</strong></span> <span class='ocrx_word' id='word_1_70' title='bbox 1307 2205 1402 2266; x_wconf 91' lang='lat' dir='ltr'><strong>illa</strong></span> <span class='ocrx_word' id='word_1_71' title='bbox 1461 2206 1633 2284; x_wconf 90' lang='lat' dir='ltr'><strong>plane</strong></span> <span class='ocrx_word' id='word_1_72' title='bbox 1690 2206 2033 2266; x_wconf 83' lang='lat' dir='ltr'><strong>illustranda</strong></span> <span class='ocrx_word' id='word_1_73' title='bbox 2090 2202 2387 2289; x_wconf 76' lang='lat' dir='ltr'><strong>idonea2);</strong></span> <span class='ocrx_word' id='word_1_74' title='bbox 2445 2208 2654 2268; x_wconf 90' lang='lat' dir='ltr'><strong>deinde</strong></span> 
     </span>
     <span class='ocr_line' id='line_1_10' title="bbox 319 2293 2652 2384; baseline 0.001 -22"><span class='ocrx_word' id='word_1_75' title='bbox 319 2321 592 2362; x_wconf 89' lang='lat' dir='ltr'><strong>sermone</strong></span> <span class='ocrx_word' id='word_1_76' title='bbox 649 2304 792 2362; x_wconf 89' lang='lat' dir='ltr'><strong>satis</strong></span> <span class='ocrx_word' id='word_1_77' title='bbox 858 2305 1023 2362; x_wconf 91' lang='lat' dir='ltr'><strong>suavi</strong></span> <span class='ocrx_word' id='word_1_78' title='bbox 1080 2293 1263 2381; x_wconf 62' lang='lat' dir='ltr'><strong>atque&gt;</strong></span> <span class='ocrx_word' id='word_1_79' title='bbox 1313 2302 1562 2382; x_wconf 85' lang='lat' dir='ltr'><strong>eleganti</strong></span> <span class='ocrx_word' id='word_1_80' title='bbox 1620 2303 1796 2363; x_wconf 87' lang='lat' dir='ltr'><strong>floret</strong></span> <span class='ocrx_word' id='word_1_81' title='bbox 1849 2312 2083 2384; x_wconf 81' lang='lat' dir='ltr'><strong>auctor,</strong></span> <span class='ocrx_word' id='word_1_82' title='bbox 2147 2313 2214 2365; x_wconf 87' lang='lat' dir='ltr'><strong>ut</strong></span> <span class='ocrx_word' id='word_1_83' title='bbox 2275 2324 2349 2365; x_wconf 91' lang='lat' dir='ltr'><strong>ne</strong></span> <span class='ocrx_word' id='word_1_84' title='bbox 2414 2308 2475 2365; x_wconf 90' lang='lat' dir='ltr'><strong>in</strong></span> <span class='ocrx_word' id='word_1_85' title='bbox 2541 2306 2652 2365; x_wconf 91' lang='lat' dir='ltr'><strong>hoc</strong></span> 
     </span>
     <span class='ocr_line' id='line_1_11' title="bbox 320 2400 865 2478; baseline 0 -18"><span class='ocrx_word' id='word_1_86' title='bbox 320 2400 557 2478; x_wconf 90' lang='lat' dir='ltr'><strong>quidem</strong></span> <span class='ocrx_word' id='word_1_87' title='bbox 605 2401 865 2460; x_wconf 78' lang='lat' dir='ltr'><strong>haereas,</strong></span> 
     </span>
    </p>

    <p class='ocr_par' dir='ltr' id='par_1_3' title="bbox 317 2498 2656 2875">
     <span class='ocr_line' id='line_1_12' title="bbox 494 2498 2654 2582; baseline 0.002 -25"><span class='ocrx_word' id='word_1_88' title='bbox 494 2498 575 2557; x_wconf 91' lang='lat' dir='ltr'><strong>De</strong></span> <span class='ocrx_word' id='word_1_89' title='bbox 640 2507 923 2559; x_wconf 86' lang='lat' dir='ltr'><strong>contextu</strong></span> <span class='ocrx_word' id='word_1_90' title='bbox 988 2500 1402 2560; x_wconf 89' lang='lat' dir='ltr'><strong>constituendo</strong></span> <span class='ocrx_word' id='word_1_91' title='bbox 1469 2503 1691 2579; x_wconf 87' lang='lat' dir='ltr'><strong>optime</strong></span> <span class='ocrx_word' id='word_1_92' title='bbox 1758 2503 2008 2561; x_wconf 90' lang='lat' dir='ltr'><strong>meritus</strong></span> <span class='ocrx_word' id='word_1_93' title='bbox 2068 2508 2158 2560; x_wconf 88' lang='lat' dir='ltr'><strong>est</strong></span> <span class='ocrx_word' id='word_1_94' title='bbox 2214 2500 2654 2582; x_wconf 83' lang='lat' dir='ltr'><strong>Hercherus3</strong></span> 
     </span>
     <span class='ocr_line' id='line_1_13' title="bbox 318 2590 2656 2677; baseline 0 -20"><span class='ocrx_word' id='word_1_95' title='bbox 318 2599 777 2657; x_wconf 86' lang='lat' dir='ltr'><strong>commentarius</strong></span> <span class='ocrx_word' id='word_1_96' title='bbox 824 2606 961 2676; x_wconf 91' lang='lat' dir='ltr'><strong>post</strong></span> <span class='ocrx_word' id='word_1_97' title='bbox 1015 2597 1427 2677; x_wconf 88' lang='lat' dir='ltr'><strong>Rigaltium,</strong></span> <span class='ocrx_word' id='word_1_98' title='bbox 1493 2597 1864 2673; x_wconf 87' lang='lat' dir='ltr'><strong>Reiffium,</strong></span> <span class='ocrx_word' id='word_1_99' title='bbox 1930 2590 2297 2658; x_wconf 80' lang='lat' dir='ltr'><strong>Reiskium</strong></span> <span class='ocrx_word' id='word_1_100' title='bbox 2353 2598 2656 2659; x_wconf 89' lang='lat' dir='ltr'><strong>emendari</strong></span> 
     </span>
     <span class='ocr_line' id='line_1_14' title="bbox 320 2695 2650 2773; baseline 0 -18"><span class='ocrx_word' id='word_1_101' title='bbox 320 2695 512 2755; x_wconf 88' lang='lat' dir='ltr'><strong>debet.</strong></span> <span class='ocrx_word' id='word_1_102' title='bbox 602 2695 735 2773; x_wconf 85' lang='lat' dir='ltr'><strong>lpse</strong></span> <span class='ocrx_word' id='word_1_103' title='bbox 782 2697 845 2755; x_wconf 92' lang='lat' dir='ltr'><strong>in</strong></span> <span class='ocrx_word' id='word_1_104' title='bbox 891 2695 1152 2756; x_wconf 91' lang='lat' dir='ltr'><strong>studium</strong></span> <span class='ocrx_word' id='word_1_105' title='bbox 1202 2696 1561 2758; x_wconf 84' lang='lat' dir='ltr'><strong>Artemidori</strong></span> <span class='ocrx_word' id='word_1_106' title='bbox 1607 2704 1847 2756; x_wconf 90' lang='lat' dir='ltr'><strong>vocatus</strong></span> <span class='ocrx_word' id='word_1_107' title='bbox 1896 2714 2025 2756; x_wconf 89' lang='lat' dir='ltr'><strong>sum</strong></span> <span class='ocrx_word' id='word_1_108' title='bbox 2075 2695 2326 2755; x_wconf 90' lang='lat' dir='ltr'><strong>lectione</strong></span> <span class='ocrx_word' id='word_1_109' title='bbox 2365 2695 2650 2756; x_wconf 87' lang='lat' dir='ltr'><strong>librorum</strong></span> 
     </span>
     <span class='ocr_line' id='line_1_15' title="bbox 317 2791 2651 2875; baseline -0 -23"><span class='ocrx_word' id='word_1_110' title='bbox 317 2792 691 2853; x_wconf 82' lang='lat' dir='ltr'><strong>Ciceronis</strong></span> <span class='ocrx_word' id='word_1_111' title='bbox 731 2796 1000 2872; x_wconf 89' lang='lat' dir='ltr'><strong>quisunt</strong></span> <span class='ocrx_word' id='word_1_112' title='bbox 1038 2794 1109 2854; x_wconf 90' lang='lat' dir='ltr'><strong>de</strong></span> <span class='ocrx_word' id='word_1_113' title='bbox 1149 2795 1524 2875; x_wconf 87' lang='lat' dir='ltr'><strong>divinatione,</strong></span> <span class='ocrx_word' id='word_1_114' title='bbox 1563 2814 1593 2853; x_wconf 93' lang='lat' dir='ltr'><strong>a</strong></span> <span class='ocrx_word' id='word_1_115' title='bbox 1635 2793 1851 2873; x_wconf 89' lang='lat' dir='ltr'><strong>quibus</strong></span> <span class='ocrx_word' id='word_1_116' title='bbox 1889 2811 1982 2852; x_wconf 88' lang='lat' dir='ltr'><strong>me</strong></span> <span class='ocrx_word' id='word_1_117' title='bbox 2020 2792 2319 2853; x_wconf 87' lang='lat' dir='ltr'><strong>vertebam</strong></span> <span class='ocrx_word' id='word_1_118' title='bbox 2360 2793 2432 2852; x_wconf 92' lang='lat' dir='ltr'><strong>ad</strong></span> <span class='ocrx_word' id='word_1_119' title='bbox 2470 2791 2651 2852; x_wconf 89' lang='lat' dir='ltr'><strong>libros</strong></span> 
     </span>
    </p>
   </div>
   <div class='ocr_carea' id='block_1_3' title="bbox 319 2890 2766 2972">
    <p class='ocr_par' dir='ltr' id='par_1_4' title="bbox 319 2890 2766 2972">
     <span class='ocr_line' id='line_1_16' title="bbox 319 2890 2766 2972; baseline 0.002 -22"><span class='ocrx_word' id='word_1_120' title='bbox 319 2893 421 2969; x_wconf 91' lang='lat' dir='ltr'><strong>qui</strong></span> <span class='ocrx_word' id='word_1_121' title='bbox 459 2890 530 2951; x_wconf 91' lang='lat' dir='ltr'><strong>de</strong></span> <span class='ocrx_word' id='word_1_122' title='bbox 569 2893 927 2952; x_wconf 88' lang='lat' dir='ltr'><strong>divinatione</strong></span> <span class='ocrx_word' id='word_1_123' title='bbox 966 2891 1039 2952; x_wconf 90' lang='lat' dir='ltr'><strong>ab</strong></span> <span class='ocrx_word' id='word_1_124' title='bbox 1078 2892 1226 2972; x_wconf 85' lang='lat' dir='ltr'><strong>aliis,</strong></span> <span class='ocrx_word' id='word_1_125' title='bbox 1271 2894 1546 2970; x_wconf 88' lang='lat' dir='ltr'><strong>inprimis</strong></span> <span class='ocrx_word' id='word_1_126' title='bbox 1583 2890 1970 2972; x_wconf 80' lang='lat' dir='ltr'><strong>philosophiS,</strong></span> <span class='ocrx_word' id='word_1_127' title='bbox 2018 2893 2340 2970; x_wconf 86' lang='lat' dir='ltr'><strong>conscripti</strong></span> <span class='ocrx_word' id='word_1_128' title='bbox 2378 2897 2543 2970; x_wconf 87' lang='lat' dir='ltr'><strong>sunt,</strong></span> <span class='ocrx_word' id='word_1_129' title='bbox 2590 2893 2650 2949; x_wconf 90' lang='lat' dir='ltr'><strong>in</strong></span> <span class='ocrx_word' id='word_1_130' title='bbox 2755 2946 2766 2954; x_wconf 90' lang='lat'><strong>.</strong></span> 
     </span>
    </p>
   </div>
   <div class='ocr_carea' id='block_1_4' title="bbox 315 2988 2652 3560">
    <p class='ocr_par' dir='ltr' id='par_1_5' title="bbox 315 2988 2652 3560">
     <span class='ocr_line' id='line_1_17' title="bbox 317 2988 2648 3068; baseline -0.001 -19"><span class='ocrx_word' id='word_1_131' title='bbox 317 2991 521 3068; x_wconf 90' lang='lat' dir='ltr'><strong>eisque</strong></span> <span class='ocrx_word' id='word_1_132' title='bbox 550 2989 921 3068; x_wconf 90' lang='lat' dir='ltr'><strong>inquirendis</strong></span> <span class='ocrx_word' id='word_1_133' title='bbox 958 2992 1141 3051; x_wconf 89' lang='lat' dir='ltr'><strong>incidi</strong></span> <span class='ocrx_word' id='word_1_134' title='bbox 1178 2993 1239 3050; x_wconf 90' lang='lat' dir='ltr'><strong>in</strong></span> <span class='ocrx_word' id='word_1_135' title='bbox 1286 2990 1445 3050; x_wconf 90' lang='lat' dir='ltr'><strong>hunc</strong></span> <span class='ocrx_word' id='word_1_136' title='bbox 1476 2988 1942 3068; x_wconf 81' lang='lat' dir='ltr'><strong>Artemidorum3</strong></span> <span class='ocrx_word' id='word_1_137' title='bbox 1982 3007 2174 3068; x_wconf 90' lang='lat' dir='ltr'><strong>neque</strong></span> <span class='ocrx_word' id='word_1_138' title='bbox 2214 2991 2397 3066; x_wconf 87' lang='lat' dir='ltr'><strong>igitur</strong></span> <span class='ocrx_word' id='word_1_139' title='bbox 2435 2991 2648 3048; x_wconf 91' lang='lat' dir='ltr'><strong>mirum</strong></span> 
     </span>
     <span class='ocr_line' id='line_1_18' title="bbox 316 3085 2651 3168; baseline -0 -22"><span class='ocrx_word' id='word_1_140' title='bbox 316 3086 630 3166; x_wconf 89' lang='lat' dir='ltr'><strong>videbitur,</strong></span> <span class='ocrx_word' id='word_1_141' title='bbox 680 3088 836 3166; x_wconf 91' lang='lat' dir='ltr'><strong>quod</strong></span> <span class='ocrx_word' id='word_1_142' title='bbox 883 3088 1041 3149; x_wconf 89' lang='lat' dir='ltr'><strong>hunc</strong></span> <span class='ocrx_word' id='word_1_143' title='bbox 1082 3107 1317 3167; x_wconf 92' lang='lat' dir='ltr'><strong>quoque</strong></span> <span class='ocrx_word' id='word_1_144' title='bbox 1365 3088 1434 3147; x_wconf 87' lang='lat' dir='ltr'><strong>ad</strong></span> <span class='ocrx_word' id='word_1_145' title='bbox 1477 3087 1864 3168; x_wconf 88' lang='lat' dir='ltr'><strong>philosophos</strong></span> <span class='ocrx_word' id='word_1_146' title='bbox 1904 3086 2109 3147; x_wconf 87' lang='lat' dir='ltr'><strong>rettuli</strong></span> <span class='ocrx_word' id='word_1_147' title='bbox 2146 3085 2476 3166; x_wconf 89' lang='lat' dir='ltr'><strong>placitaque</strong></span> <span class='ocrx_word' id='word_1_148' title='bbox 2516 3105 2651 3147; x_wconf 91' lang='lat' dir='ltr'><strong>cum</strong></span> 
     </span>
     <span class='ocr_line' id='line_1_19' title="bbox 315 3184 2650 3265; baseline 0 -22"><span class='ocrx_word' id='word_1_149' title='bbox 315 3184 803 3264; x_wconf 90' lang='lat' dir='ltr'><strong>philosophorum</strong></span> <span class='ocrx_word' id='word_1_150' title='bbox 868 3186 1100 3263; x_wconf 90' lang='lat' dir='ltr'><strong>placitis</strong></span> <span class='ocrx_word' id='word_1_151' title='bbox 1170 3189 1519 3265; x_wconf 89' lang='lat' dir='ltr'><strong>comparavi.</strong></span> <span class='ocrx_word' id='word_1_152' title='bbox 1630 3186 1983 3263; x_wconf 87' lang='lat' dir='ltr'><strong>Priusquam</strong></span> <span class='ocrx_word' id='word_1_153' title='bbox 2049 3195 2245 3244; x_wconf 87' lang='lat' dir='ltr'><strong>tamen</strong></span> <span class='ocrx_word' id='word_1_154' title='bbox 2307 3184 2375 3244; x_wconf 93' lang='lat' dir='ltr'><strong>ad</strong></span> <span class='ocrx_word' id='word_1_155' title='bbox 2456 3187 2650 3262; x_wconf 91' lang='lat' dir='ltr'><strong>ipsum</strong></span> 
     </span>
     <span class='ocr_line' id='line_1_20' title="bbox 316 3281 2652 3364; baseline 0 -23"><span class='ocrx_word' id='word_1_156' title='bbox 316 3281 754 3343; x_wconf 88' lang='lat' dir='ltr'><strong>Artemidorum</strong></span> <span class='ocrx_word' id='word_1_157' title='bbox 803 3284 1103 3364; x_wconf 86' lang='lat' dir='ltr'><strong>accedam,</strong></span> <span class='ocrx_word' id='word_1_158' title='bbox 1158 3283 1314 3344; x_wconf 89' lang='lat' dir='ltr'><strong>haud</strong></span> <span class='ocrx_word' id='word_1_159' title='bbox 1373 3283 1628 3344; x_wconf 91' lang='lat' dir='ltr'><strong>alienum</strong></span> <span class='ocrx_word' id='word_1_160' title='bbox 1687 3282 1832 3342; x_wconf 92' lang='lat' dir='ltr'><strong>mihi</strong></span> <span class='ocrx_word' id='word_1_161' title='bbox 1887 3282 2147 3360; x_wconf 89' lang='lat' dir='ltr'><strong>videtur,</strong></span> <span class='ocrx_word' id='word_1_162' title='bbox 2204 3300 2352 3360; x_wconf 89' lang='lat' dir='ltr'><strong>quae</strong></span> <span class='ocrx_word' id='word_1_163' title='bbox 2401 3281 2652 3342; x_wconf 88' lang='lat' dir='ltr'><strong>valuerit</strong></span> 
     </span>
     <span class='ocr_line' id='line_1_21' title="bbox 316 3379 2649 3461; baseline 0 -22"><span class='ocrx_word' id='word_1_164' title='bbox 316 3379 387 3439; x_wconf 93' lang='lat' dir='ltr'><strong>de</strong></span> <span class='ocrx_word' id='word_1_165' title='bbox 427 3379 781 3441; x_wconf 87' lang='lat' dir='ltr'><strong>divinatione</strong></span> <span class='ocrx_word' id='word_1_166' title='bbox 820 3383 1018 3461; x_wconf 90' lang='lat' dir='ltr'><strong>opinio</strong></span> <span class='ocrx_word' id='word_1_167' title='bbox 1058 3401 1089 3442; x_wconf 90' lang='lat' dir='ltr'><strong>a</strong></span> <span class='ocrx_word' id='word_1_168' title='bbox 1129 3384 1462 3442; x_wconf 87' lang='lat' dir='ltr'><strong>veterrimis</strong></span> <span class='ocrx_word' id='word_1_169' title='bbox 1508 3380 1879 3460; x_wconf 89' lang='lat' dir='ltr'><strong>temporibus</strong></span> <span class='ocrx_word' id='word_1_170' title='bbox 1918 3379 2276 3440; x_wconf 90' lang='lat' dir='ltr'><strong>Graecorum</strong></span> <span class='ocrx_word' id='word_1_171' title='bbox 2325 3381 2476 3459; x_wconf 90' lang='lat' dir='ltr'><strong>apud</strong></span> <span class='ocrx_word' id='word_1_172' title='bbox 2519 3381 2649 3458; x_wconf 92' lang='lat' dir='ltr'><strong>phi-</strong></span> 
     </span>
     <span class='ocr_line' id='line_1_22' title="bbox 316 3477 1524 3560; baseline 0.002 -23"><span class='ocrx_word' id='word_1_173' title='bbox 316 3477 593 3557; x_wconf 93' lang='lat' dir='ltr'><strong>losophos</strong></span> <span class='ocrx_word' id='word_1_174' title='bbox 639 3480 910 3557; x_wconf 81' lang='lat' dir='ltr'><strong>inprimis</strong></span> <span class='ocrx_word' id='word_1_175' title='bbox 957 3483 1163 3558; x_wconf 89' lang='lat' dir='ltr'><strong>paucis</strong></span> <span class='ocrx_word' id='word_1_176' title='bbox 1209 3498 1524 3560; x_wconf 85' lang='lat' dir='ltr'><strong>exponere.</strong></span> 
     </span>
    </p>
   </div>
   <div class='ocr_carea' id='block_1_5' title="bbox 315 3703 2648 3935">
    <p class='ocr_par' dir='ltr' id='par_1_6' title="bbox 315 3703 2648 3935">
     <span class='ocr_line' id='line_1_23' title="bbox 496 3703 2648 3775; baseline 0.001 -19"><span class='ocrx_word' id='word_1_177' title='bbox 496 3707 547 3770; x_wconf 90' lang='lat'><strong>1)</strong></span> <span class='ocrx_word' id='word_1_178' title='bbox 586 3703 848 3772; x_wconf 88' lang='lat' dir='ltr'><strong>Hercher,</strong></span> <span class='ocrx_word' id='word_1_179' title='bbox 887 3706 1095 3758; x_wconf 77' lang='lat' dir='ltr'><strong>Artem.</strong></span> <span class='ocrx_word' id='word_1_180' title='bbox 1128 3706 1290 3761; x_wconf 81' lang='lat' dir='ltr'><strong>Dald.</strong></span> <span class='ocrx_word' id='word_1_181' title='bbox 1330 3705 1469 3760; x_wconf 84' lang='lat' dir='ltr'><strong>onir.</strong></span> <span class='ocrx_word' id='word_1_182' title='bbox 1498 3703 1634 3759; x_wconf 88' lang='lat' dir='ltr'><strong>libri</strong></span> <span class='ocrx_word' id='word_1_183' title='bbox 1667 3704 1710 3758; x_wconf 92' lang='lat' dir='ltr'>V</span> <span class='ocrx_word' id='word_1_184' title='bbox 1739 3703 1961 3774; x_wconf 83' lang='lat' dir='ltr'><strong>Lipsiae</strong></span> <span class='ocrx_word' id='word_1_185' title='bbox 1990 3710 2143 3760; x_wconf 85' lang='lat'><strong>1-864.</strong></span> <span class='ocrx_word' id='word_1_186' title='bbox 2194 3721 2323 3775; x_wconf 83' lang='lat' dir='ltr'><strong>pag.</strong></span> <span class='ocrx_word' id='word_1_187' title='bbox 2353 3704 2471 3759; x_wconf 90' lang='lat' dir='ltr'><strong>VII.</strong></span> <span class='ocrx_word' id='word_1_188' title='bbox 2501 3703 2648 3759; x_wconf 90' lang='lat' dir='ltr'><strong>VIII.</strong></span> 
     </span>
     <span class='ocr_line' id='line_1_24' title="bbox 493 3785 2648 3855; baseline 0 -17"><span class='ocrx_word' id='word_1_189' title='bbox 493 3789 547 3854; x_wconf 85' lang='lat'><strong>2)</strong></span> <span class='ocrx_word' id='word_1_190' title='bbox 586 3785 818 3838; x_wconf 81' lang='lat' dir='ltr'><strong>Vossius</strong></span> <span class='ocrx_word' id='word_1_191' title='bbox 868 3785 1030 3839; x_wconf 76' lang='lat' dir='ltr'><strong>dicit:</strong></span> <span class='ocrx_word' id='word_1_192' title='bbox 1077 3786 1212 3841; x_wconf 85' lang='lat' dir='ltr'><strong>Rem</strong></span> <span class='ocrx_word' id='word_1_193' title='bbox 1247 3788 1298 3840; x_wconf 80' lang='lat' dir='ltr'><strong>si</strong></span> <span class='ocrx_word' id='word_1_194' title='bbox 1332 3793 1567 3855; x_wconf 77' lang='lat' dir='ltr'><strong>spectas,</strong></span> <span class='ocrx_word' id='word_1_195' title='bbox 1611 3786 1755 3839; x_wconf 78' lang='lat' dir='ltr'><strong>nihil</strong></span> <span class='ocrx_word' id='word_1_196' title='bbox 1790 3801 1849 3838; x_wconf 84' lang='lat' dir='ltr'><strong>eo</strong></span> <span class='ocrx_word' id='word_1_197' title='bbox 1885 3786 2111 3851; x_wconf 77' lang='lat' dir='ltr'><strong>vanius,</strong></span> <span class='ocrx_word' id='word_1_198' title='bbox 2148 3786 2242 3839; x_wconf 75' lang='lat' dir='ltr'><strong>sed</strong></span> <span class='ocrx_word' id='word_1_199' title='bbox 2277 3787 2433 3840; x_wconf 77' lang='lat' dir='ltr'><strong>utilis</strong></span> <span class='ocrx_word' id='word_1_200' title='bbox 2467 3792 2648 3840; x_wconf 81' lang='lat' dir='ltr'><strong>tamen</strong></span> 
     </span>
     <span class='ocr_line' id='line_1_25' title="bbox 315 3866 2648 3935; baseline 0 -16"><span class='ocrx_word' id='word_1_201' title='bbox 315 3866 432 3919; x_wconf 79' lang='lat' dir='ltr'><strong>eius</strong></span> <span class='ocrx_word' id='word_1_202' title='bbox 468 3866 621 3919; x_wconf 80' lang='lat' dir='ltr'><strong>lectio</strong></span> <span class='ocrx_word' id='word_1_203' title='bbox 657 3866 781 3931; x_wconf 79' lang='lat' dir='ltr'><strong>erit,</strong></span> <span class='ocrx_word' id='word_1_204' title='bbox 826 3866 890 3920; x_wconf 86' lang='lat' dir='ltr'><strong>ob</strong></span> <span class='ocrx_word' id='word_1_205' title='bbox 938 3871 1051 3921; x_wconf 83' lang='lat' dir='ltr'><strong>tam</strong></span> <span class='ocrx_word' id='word_1_206' title='bbox 1095 3868 1266 3921; x_wconf 82' lang='lat' dir='ltr'><strong>multa</strong></span> <span class='ocrx_word' id='word_1_207' title='bbox 1304 3884 1442 3935; x_wconf 76' lang='lat' dir='ltr'><strong>quae</strong></span> <span class='ocrx_word' id='word_1_208' title='bbox 1476 3868 1734 3921; x_wconf 79' lang='lat' dir='ltr'><strong>admiscet</strong></span> <span class='ocrx_word' id='word_1_209' title='bbox 1768 3866 1834 3920; x_wconf 75' lang='lat' dir='ltr'><strong>de</strong></span> <span class='ocrx_word' id='word_1_210' title='bbox 1868 3866 2068 3921; x_wconf 77' lang='lat' dir='ltr'><strong>ritibus</strong></span> <span class='ocrx_word' id='word_1_211' title='bbox 2104 3867 2348 3935; x_wconf 78' lang='lat' dir='ltr'><strong>antiquis</strong></span> <span class='ocrx_word' id='word_1_212' title='bbox 2384 3872 2433 3919; x_wconf 86' lang='lat' dir='ltr'><strong>et</strong></span> <span class='ocrx_word' id='word_1_213' title='bbox 2465 3867 2648 3921; x_wconf 75' lang='lat' dir='ltr'><strong>studio</strong></span> 
     </span>
    </p>
   </div>
   <div class='ocr_carea' id='block_1_6' title="bbox 236 3943 1697 4016">
    <p class='ocr_par' dir='ltr' id='par_1_7' title="bbox 236 3943 1697 4016">
     <span class='ocr_line' id='line_1_26' title="bbox 236 3943 1697 4016; baseline 0 -17"><span class='ocrx_word' id='word_1_214' title='bbox 236 4001 247 4012; x_wconf 71' lang='lat'>‚</span> <span class='ocrx_word' id='word_1_215' title='bbox 319 3946 696 4000; x_wconf 59' lang='lat' dir='ltr'><strong>humanitatis</strong></span> <span class='ocrx_word' id='word_1_216' title='bbox 770 3943 957 4015; x_wconf 79' lang='lat' dir='ltr'><strong>(Fabr.</strong></span> <span class='ocrx_word' id='word_1_217' title='bbox 991 3945 1127 4004; x_wconf 90' lang='lat' dir='ltr'><strong>bibl.</strong></span> <span class='ocrx_word' id='word_1_218' title='bbox 1166 3964 1248 4016; x_wconf 80' lang='lat' dir='ltr'><strong>gr.</strong></span> <span class='ocrx_word' id='word_1_219' title='bbox 1285 3945 1442 4000; x_wconf 82' lang='lat' dir='ltr'><strong>Harl.</strong></span> <span class='ocrx_word' id='word_1_220' title='bbox 1471 3946 1520 4000; x_wconf 91' lang='lat' dir='ltr'><strong>V</strong></span> <span class='ocrx_word' id='word_1_221' title='bbox 1550 3947 1697 4011; x_wconf 80' lang='lat'><strong>261.)</strong></span> 
     </span>
    </p>
   </div>
   <div class='ocr_carea' id='block_1_7' title="bbox 1270 4218 1692 4225">
    <p class='ocr_par' dir='ltr' id='par_1_8' title="bbox 1270 4218 1692 4225">
     <span class='ocr_line' id='line_1_27' title="bbox 1270 4218 1692 4225; baseline 0.002 -1"><span class='ocrx_word' id='word_1_222' title='bbox 1270 4218 1692 4225; x_wconf 55' lang='grc' dir='ltr'><em>Ἣ</em></span> 
     </span>
    </p>
   </div>
  </div>
 </body>
</html>
