3200 5167
1496 395 1579 402 --
1687 359 1806 420 122
1899 394 1980 401 -

578 537 829 617 Vrgetur
872 539 964 598 his
1003 538 1167 617 lociS,
1205 537 1508 599 dubitasse
1546 538 1610 599 P.
1648 538 1721 599 de
1760 539 2138 622 divinatione,
2178 558 2296 599 non
2334 541 2644 621 reiecisse3
2681 540 2910 618 longius

575 644 776 696 autem
823 645 891 697 ut
940 637 1112 697 modo
1160 637 1283 697 dixi
1329 639 1389 697 in
1437 635 1751 697 iudicanda
1797 636 2112 715 astrologia
2155 635 2474 716 processit:
2521 638 2575 698 d.
2615 638 2669 699 d.
2708 637 2760 697 II
2799 636 2909 719 883

574 736 704 795 eius
752 736 933 813 igitur
972 737 1197 813 scripto
1237 735 1489 814 quodam
1528 735 1736 796 Cicero
1778 752 1921 795 usus
1958 742 2048 795 est
2087 736 2155 795 ad
2198 736 2551 797 refellendos
2590 736 2910 797 Chaldaeos

572 833 626 893 d.
658 834 712 894 d.
750 833 802 893 II
844 831 1103 895 87—97
1153 828 1438 916 (Schiche
1488 852 1543 912 p.
1585 826 1726 918 13);
1784 837 2051 912 quaestio
2112 837 2329 914 oritur,
2378 854 2494 913 quo
2544 853 2723 913 opere
2774 834 2909 899 Pan.

573 934 916 1010 exposuerit
969 949 1077 991 sua
1132 931 1204 991 de
1261 930 1576 1008 astrologia
1634 930 1874 1012 placita,
1931 932 2247 1011 peculiaris
2306 934 2463 992 enim
2517 932 2782 993 Panaetii
2837 932 2907 992 de

573 1029 930 1090 divinatione
995 1028 1147 1090 liber
1210 1048 1329 1089 non
1386 1030 1523 1110 suit,
1573 1031 1676 1108 qui
1731 1031 1782 1089 si
1838 1031 2074 1111 fuisset,
2131 1039 2233 1091 aut
2289 1030 2496 1091 Cicero
2555 1034 2682 1091 sine
2730 1030 2908 1091 dubio

573 1131 633 1188 in
672 1128 1010 1189 Stoicorum
1059 1128 1131 1188 de
1171 1128 1284 1188 div.
1332 1127 1622 1188 librorum
1669 1130 1823 1188 serie
1864 1124 1917 1208 (I
1955 1122 2027 1212 6)
2073 1136 2175 1189 aut
2222 1127 2326 1189 ubi
2363 1129 2714 1208 astrologiae
2753 1129 2907 1189 refu·

572 1229 856 1286 tationem
914 1227 985 1285 ad
1041 1226 1388 1286 Panaetium
1448 1227 1634 1286 refert
1682 1220 1766 1309 (11
1811 1220 1926 1309 97)
1987 1235 2089 1287 aut
2133 1226 2297 1306 Diog.
2343 1226 2407 1289 L.
2457 1227 2557 1287 VII
2599 1224 2724 1289 149
2773 1246 2908 1288 eum

569 1323 789 1385 librum
866 1334 1413 1405 commemorasset3
1487 1323 1771 1386 credibile
1848 1334 2045 1385 autem
2113 1325 2349 1386 videtur
2412 1325 2484 1385 de
2551 1326 2907 1386 divinatione

572 1421 736 1483 illum
794 1423 1149 1483 disseruisse
1205 1425 1268 1483 in
1321 1422 1474 1483 libro
1530 1416 1682 1502 περὶ
1737 1422 2057 1504 προνοίας
2115 1442 2290 1501 quem
2348 1423 2523 1502 paulo
2569 1432 2705 1484 ante
2754 1443 2905 1484 com·

574 1521 875 1597 ponendos
946 1520 1018 1581 de
1086 1522 1203 1583 div.
1266 1520 1450 1581 libros
1518 1521 1865 1581 Ciceronem
1931 1539 2206 1581 curasse·
2238 1520 2348 1581 sibi
2418 1522 2769 1582 mittendum
2835 1542 2904 1582 ex

568 1618 815 1698 epistola
864 1627 1111 1698 apparet
1157 1619 1227 1679 ad
1277 1619 1536 1681 Atticum
1587 1623 1763 1680 missa
1813 1619 1945 1678 XIII
1986 1618 2042 1680 8.
2136 1618 2326 1689 Quam
2374 1632 2501 1681 arte
2548 1623 2705 1681 enim
2753 1624 2908 1681 inter

571 1735 633 1777 se
681 1719 1003 1795 iungantur
1053 1717 1423 1796 providentia
1470 1725 1531 1778 et
1577 1717 1878 1799 divinatio,
1924 1719 2177 1778 maxime
2225 1719 2378 1797 apud
2430 1718 2681 1800 StoicOS,
2730 1738 2907 1798 supra

570 1817 683 1875 iam
731 1815 869 1876 dixi.
885 1809 936 1898 1)

749 1914 975 1976 Addam
1039 1914 1296 1973 amicum
1359 1913 1626 1974 Panaetii
1691 1914 2059 1995 Scylacem
2125 1914 2707 1977 Halicarnassensem
2772 1935 2906 1976 con-

572 2014 836 2072 sensisse
883 2030 1020 2072 cum
1059 2011 1156 2071 illo
1204 2012 1277 2072 de
1332 2011 1697 2092 repudiando
1744 2030 1962 2090 genere
2011 2012 2454 2074 Chaldaeorum.
2503 2013 2624 2074 Cic.
2671 2014 2743 2074 de
2792 2015 2906 2076 div.

568 2108 760 2171 1187.
852 2109 1014 2170 Alios
1080 2127 1315 2188 quoque
1369 2111 1509 2171 Pan.
1573 2110 1817 2171 adduxit
1873 2120 1939 2171 ut
1995 2110 2337 2173 dubitarent
2393 2113 2466 2172 de
2523 2112 2908 2193 divinatione3

569 2210 790 2269 etenim
846 2226 982 2268 cum
1040 2207 1344 2268 familiaris
1400 2220 1557 2269 esset
1618 2209 1912 2289 Scipionis
1967 2218 2028 2270 et
2086 2213 2214 2288 ipse
2272 2218 2332 2270 et
2388 2210 2691 2292 Polybius,
2758 2230 2909 2290 quae

565 2307 665 2367 hic
713 2308 1017 2367 censuerit
1063 2307 1136 2367 de
1186 2324 1252 2367 ea
1299 2325 1382 2387 re,
1430 2307 1677 2368 dubium
1724 2327 1842 2368 non
1889 2317 1997 2388 est,
2051 2310 2194 2387 quin
2243 2308 2313 2368 ad
2353 2307 2616 2368 Panaetii
2664 2310 2909 2370 redeant

568 2408 1011 2486 auctoritatem3
1049 2403 1338 2465 dubitatio
1377 2415 1573 2466 autem
1615 2404 1843 2484 Polybii
1883 2424 2209 2484 cognosces
2248 2405 2342 2465 his
2380 2406 2553 2467 locis:
2599 2405 2677 2465 IX
2723 2404 2820 2486 19,
2855 2408 2908 2467 l.

570 2502 621 2563 X
659 2501 719 2583 2,
757 2500 816 2564 9.
865 2501 1109 2563 XXXIII
1147 2501 1250 2584 21,
1288 2497 1412 2586 2²)

699 2681 707 2690 .
749 2601 1032 2681 Sequitur
1079 2613 1145 2662 ut
1191 2602 1265 2662 de
1312 2604 1647 2663 recentiore
1693 2602 2003 2663 Academia
2051 2619 2237 2681 pauca
2287 2602 2494 2683 dicam,
2544 2605 2717 2663 cuius
2755 2603 2906 2663 duos

573 2701 812 2761 nomino
857 2699 1271 2779 philosophos:
1317 2700 1679 2761 Carneadem
1726 2710 1786 2761 et
1832 2700 2277 2761 Clitomachum.

746 2797 1149 2859 Carneades
1203 2806 1401 2859 autem
1457 2799 1787 2860 abhorrens
1833 2818 1864 2859 a
1915 2798 2257 2859 Stoicorum
2303 2798 2561 2859 decretis
2610 2799 2906 2859 nullarum

569 2897 810 2956 omniuo
856 2915 1061 2958 rerum
1109 2897 1526 2958 divinationem
1575 2917 1708 2958 esse
1746 2897 2030 2958 ostendit:
2077 2897 2150 2957 de
2190 2897 2303 2957 div.
2342 2896 2367 2956 1
2409 2895 2465 2958 7.
2513 2897 2565 2957 II
2608 2895 2717 2977 123
2765 2918 2906 2977 quo-

571 2996 728 3054 niam
775 3001 972 3055 autem
1020 3013 1117 3056 res
1165 2998 1331 3056 casui
1377 2996 1678 3057 subiectae
1727 3015 1844 3056 non
1892 3004 2138 3076 possent
2182 2997 2498 3075 praesciri,
2546 3014 2661 3056 non
2713 2999 2907 3057 caveri

568 3095 965 3174 necessariae,
1011 3113 1085 3153 ne
1131 3094 1417 3173 prodesse
1464 3095 1733 3174 quidem,
1780 3096 1833 3154 si
1879 3103 2055 3174 esset,
2101 3093 2521 3154 divinationem
2567 3093 2908 3154 hominibus

568 3199 798 3251 censet:
856 3191 910 3252 d.
958 3192 1013 3252 d.
1052 3189 1256 3273 11243
1313 3195 1417 3271 qui
1473 3192 1691 3254 Stoicis
1747 3192 2184 3274 opponentibus
2239 3192 2495 3252 oraculis
2553 3192 2906 3271 quibusdam

567 3307 665 3350 res
712 3308 849 3349 vere
890 3307 1021 3350 esse
1061 3291 1437 3372 significataS,
1485 3299 1587 3352 aut
1628 3310 1727 3353 res
1764 3292 2066 3352 simulatas
2105 3309 2237 3352 esse
2275 3291 2587 3351 affirmavit
2624 3300 2727 3352 aut
2764 3310 2905 3351 casu

569 3387 627 3447 id
676 3388 990 3469 accidisse3
1038 3391 1353 3467 perspicue
1401 3391 1583 3468 igitur
1631 3389 1703 3451 ab
1752 3409 1821 3450 eo
1874 3389 2098 3451 tollitur
2146 3389 2443 3449 divinati0.

744 3486 1064 3547 Carneadis
1120 3489 1390 3547 acumine
1439 3488 1787 3550 Ciceronem
1844 3491 1905 3548 in
1962 3488 2148 3549 altero
2205 3485 2355 3547 libro
2404 3505 2578 3547 usum
2626 3505 2759 3548 esse
2806 3488 2905 3548 de-

571 3594 1048 3646 monstraverunt
1104 3585 1357 3647 Schiche
1414 3593 1474 3646 et
1527 3585 1890 3648 Hartfelder:
1950 3585 2056 3646 Die
2112 3583 2359 3656 Quellen
2417 3603 2529 3644 von
2587 3585 2706 3646 Cic.
2760 3587 2904 3645 zwei

569 3683 843 3745 Biichern
909 3683 983 3744 (le
1047 3685 1160 3745 div.
1217 3683 1510 3764 Freiburg
1568 3682 1758 3747 1878.
1850 3684 2056 3765 Neque
2126 3692 2327 3745 autem
2383 3682 2714 3745 Carneades
2778 3687 2907 3763 ipse

568 3782 894 3843 secundum
934 3780 1098 3860 Diog.
1135 3782 1199 3844 L.
1238 3782 1310 3842 lv
1348 3778 1434 3845 65
1482 3786 1702 3863 scripta
1749 3783 1819 3843 ad
1869 3782 2298 3863 philosophiam
2345 3784 2703 3861 pertinentia
2747 3801 2904 3870 com·-

568 3883 794 3962 posuit,
852 3880 954 3940 sed
1013 3881 1290 3959 discipuli
1335 3880 1549 3960 placita
1597 3884 1729 3942 eius
1774 3881 1991 3942 litteris
2038 3881 2494 3961 mandaverunt3
2553 3898 2704 3958 quos
2751 3883 2911 3940 inter

574 3978 899 4059 discipulos
938 3978 1425 4040 Clitomachus
1463 3986 1572 4061 est,
1612 3983 1714 4059 qui
1754 3986 1903 4040 teste
1941 3978 2105 4057 Diog.
2125 3977 2189 4039 L.
2211 3977 2284 4038 lV
2310 3975 2392 4040 67
2437 3978 2587 4039 ultra
2629 3978 2908 4057 quadrin-

745 4160 795 4225 1)
833 4159 1051 4213 Fowler
1109 4176 1325 4228 quoque
1387 4161 1774 4231 AmericanuS,
1832 4161 1930 4231 qui
1985 4159 2216 4230 collegit
2271 4159 2530 4213 Panaetii
2567 4159 2908 4228 fragmenta,

572 4242 775 4339 totum'
799 4238 961 4292 illum
1010 4240 1194 4294 locum
1242 4237 1519 4296 Ciceronis
1567 4241 1639 4294 de
1685 4242 1994 4311 astrologia
2039 4240 2240 4297 tribuit
2273 4239 2534 4294 Panaetii
2584 4239 2740 4310 operi
2776 4239 2910 4307 περὶ

568 4338 1047 4469 προνοιῖἶςὸθηεείῑ
1081 4400 1145 4455 R.
1197 4401 1266 4454 de
1306 4361 1470 4456 Scala.
1508 4403 1687 4469 (stud.
1727 4404 1825 4457 des
1865 4402 2056 4472 Polyb.
2097 4402 2224 4472 250)
2261 4400 2543 4472 pertinere
2582 4400 2756 4456 verba
2794 4399 2908 4454 Po-

566 4479 705 4550 lybii
741 4479 815 4532 ad
854 4478 1149 4549 Chrysippi
1188 4475 1358 4536 libros
1395 4500 1455 4535 π.
1493 4477 1731 4552 ὀνείρων
1768 4484 1860 4538 vel
1897 4482 2186 4554 Antipatri
2218 4499 2278 4536 π.
2319 4487 2608 4551 μαντικῆς.
