3200 5167
1225 371 1307 383 -
1406 333 1529 402 141
1625 373 1712 383 -·

474 509 629 578 Duas
686 527 881 608 autem
942 518 1262 581 divisiones
1317 521 1562 599 praebet
1603 522 1725 583 Art.
1765 520 1800 583 1.
1839 519 1890 582 11
1929 541 2052 601 cap.
2093 520 2204 605 34,
2251 541 2428 585 unam
2476 523 2630 604 quod

297 615 508 678 dividit
545 620 687 679 deos
725 621 788 680 in
828 612 1194 700 αἰσθητοὺς
1229 614 1339 681 καὶ
1376 613 1684 701 νοητούς,
1733 622 1977 683 alteram
2021 624 2082 682 in
2132 613 2496 703 ὀλυμπίους
2543 624 2631 684 vel

295 712 661 797 αἰθερίους,
694 709 1054 798 οὐρανίους
1083 714 1432 799 ἐπιγείους,
1460 720 1875 794 θαλασσίους
1911 713 2020 780 καὶ
2050 720 2432 801 ποταμίους,
2472 724 2631 801 χθο-

290 813 499 892 νίους,
536 810 694 889 τοὺς
729 810 914 895 πέριξ
950 809 1224 887 τούτων.
1299 815 1413 876 Sed
1456 815 1566 876 hac
1605 836 1722 878 una
1762 819 2051 878 divisione
2090 820 2152 877 in
2191 817 2477 898 olympios
2517 827 2628 880 etc.

295 931 440 973 usus
487 920 578 973 est
624 916 684 973 in
732 913 1154 993 perscribenda
1203 914 1275 974 de
1324 914 1452 974 deis
1497 923 1687 995 parte,
1735 915 1917 976 altera
1963 915 2326 995 perturbata.
2407 916 2630 977 Deinde

290 1019 604 1090 postquam
645 1013 716 1072 de
757 1013 883 1073 deis
922 1012 1086 1091 dixit,
1135 1012 1205 1071 ad
1243 1011 1457 1074 heroes
1506 1022 1684 1092 atque
1732 1013 2048 1075 daemones
2095 1013 2324 1075 accedit
2371 1033 2494 1092 cap.
2525 1012 2629 1074 40.

468 1109 587 1170 lam
634 1110 779 1171 haec
827 1112 1035 1171 divisio
1082 1113 1145 1170 in
1193 1106 1561 1190 αἰσθητοὺς
1609 1122 1666 1173 et
1712 1105 1999 1192 νοητούς
2055 1113 2113 1172 111
2163 1120 2253 1173 est
2299 1114 2629 1191 percipien-

291 1208 397 1268 dos
445 1209 718 1269 sensibus
757 1218 816 1270 et
854 1212 1099 1289 ratione,
1149 1209 1303 1269 haud
1353 1210 1605 1270 multum
1643 1211 1788 1270 mihi
1827 1211 2064 1271 differre
2104 1212 2337 1271 videtur
2374 1230 2404 1270 a
2446 1210 2631 1270 Stoici

290 1307 597 1368 cuiusdam
655 1310 726 1369 de
764 1309 875 1369 hac
930 1326 995 1369 re
1053 1308 1344 1386 opinione.
1447 1307 1761 1387 Dionysius
1826 1311 2011 1388 enim,
2079 1328 2253 1387 quem
2309 1308 2518 1369 Zeller'
2551 1343 2624 1351 —

290 1398 440 1466 Illa3
467 1404 596 1468 318
642 1440 715 1448 —-
761 1414 929 1487 putat
986 1407 1168 1466 fuisse
1227 1406 1585 1484 discipulum
1646 1407 1976 1489 Posidonii,
2041 1407 2184 1467 deos
2244 1409 2523 1469 diviserat
2568 1412 2629 1468 in

290 1514 414 1564 tres
461 1507 717 1582 species:
764 1507 866 1584 qui
913 1507 974 1566 in
1021 1510 1300 1583 promptu
1351 1512 1516 1586 sunt,
1566 1508 1670 1585 qui
1716 1525 1832 1566 non
1881 1514 2253 1589 comparent,
2309 1508 2450 1567 facti
2494 1510 2531 1566 i.
2579 1524 2627 1568 e.

289 1602 517 1664 heroes
612 1601 772 1671 Quos
819 1605 1002 1682 igitur
1049 1604 1112 1663 A.
1170 1605 1230 1662 in
1278 1601 1629 1682 αἰσθητοῖς
1675 1612 1977 1683 numerat,
2033 1604 2129 1663 hic
2176 1606 2236 1663 in
2285 1607 2371 1664 eis
2421 1606 2523 1684 qui
2568 1606 2629 1665 in

292 1708 572 1779 promptu
642 1709 808 1783 sunt,
874 1703 1149 1780 quoniam
1219 1704 1379 1762 visus
1445 1703 1819 1780 potissimum
1884 1703 2042 1761 inter
2108 1720 2320 1762 sensus
2384 1703 2454 1762 ad
2522 1703 2634 1763 hoc

289 1792 808 1881 (αἰσθάνεσθαι)
853 1803 1129 1879 pertinet.

467 1897 586 1957 lam
632 1899 703 1958 ad
752 1899 1015 1978 singulos
1062 1900 1204 1959 deos
1252 1899 1618 1959 accedamus
1706 1891 2158 1980 Ἀρτέμιδος
2214 1917 2426 1959 nomen
2477 1900 2630 1960 deri-

290 2003 462 2055 vatur
500 1995 571 2055 ab
611 1989 883 2079 ἆρτεμές
916 1995 1061 2076 132,
1094 1995 1203 2078 16;
1241 1998 1396 2057 1116111
1436 1997 1682 2075 praebet
1713 1997 2010 2058 Cornutus
2038 2017 2092 2075 p.
2125 1993 2226 2077 65,
2261 1994 2358 2058 18.
2418 1997 2629 2057 Strabo

292 2093 416 2153 XIV
456 2092 602 2155 635.
695 2090 1007 2177 (Muenzel,
1056 2097 1127 2156 de
1176 2095 1516 2174 Apollodori
1562 2091 1712 2177 περὶ
1758 2093 1940 2157 θεῶν
1990 2094 2172 2155 libris,
2233 2094 2400 2155 Bonn
2444 2093 2631 2158 1883.

287 2212 341 2271 p.
382 2191 466 2253 22
524 2202 729 2254 censet
793 2195 952 2255 hunc
1021 2195 1331 2255 Strabonis
1396 2195 1592 2255 locum
1659 2195 1889 2255 doctam
1966 2194 2404 2253 adnotationem
2469 2195 2630 2254 docti

289 2290 544 2366 bominis
591 2312 742 2373 esse,
790 2294 1037 2353 fortasse
1088 2294 1453 2372 descriptum
1501 2293 1641 2364 olim
1690 2312 1760 2352 ex
1801 2293 2225 2361 commentario
2265 2287 2628 2374 Homerico.)

287 2389 545 2470 Cramer,
592 2390 795 2450 anecd.
843 2391 1023 2451 Paris.
1059 2390 1140 2449 111
1178 2387 1325 2450 211.

463 2488 712 2566 Apollo
760 2489 911 2566 apud
953 2488 1396 2547 Artemidorum
1435 2497 1494 2549 et
1533 2480 1818 2568 Παιήων
1865 2496 1955 2548 est
2002 2483 2180 2568 (133,
2209 2480 2282 2570 5)
2322 2494 2381 2547 et
2401 2479 2632 2560 1’Ἠλιος

290 2582 435 2666 133,
465 2581 588 2666 8))
695 2585 847 2645 Sane
893 2588 1009 2645 iam
1056 2585 1209 2664 apud
1261 2584 1584 2646 Homerum
1633 2595 1885 2666 uterque
1950 2586 2121 2646 nobis
2169 2585 2373 2664 Apollo
2422 2605 2626 2647 occur-

286 2694 394 2753 rit:
459 2701 551 2753 est
607 2695 763 2752 enim
820 2692 967 2752 deus
1023 2691 1175 2751 lucis
1227 2725 1302 2734 —
1356 2687 1723 2772 λυκηγενής
1788 2727 1863 2737 -
1926 2701 1985 2754 et
2038 2701 2268 2772 pestem
2329 2693 2494 2771 pellit
2548 2727 2619 2737 —

283 2781 680 2865 ἀλεξίκακος.
773 2790 887 2852 Sed
938 2808 1290 2870 quamquam
1352 2792 1465 2849 iam
1523 2792 1661 2852 inde
1719 2791 1792 2851 ab
1839 2793 2008 2852 initio
2054 2792 2432 2851 heroicorum
2479 2800 2624 2851 tem-

281 2998 487 3054 librum
538 3001 879 3070 composuit,
930 3017 1037 3069 quo
1087 2999 1323 3054 eandem
1371 2998 1783 3070 interpretandi
1823 2999 2098 3055 rationem
2137 3017 2260 3054 eum
2301 3000 2625 3053 adhibuisse

283 3077 404 3132 veri
432 3081 520 3134 est
547 3078 914 3134 simillimum.
953 3079 1134 3135 Zeller
1153 3080 1253 3148 (111
1264 3080 1325 3134 a³
1340 3086 1461 3148 328,
1477 3082 1533 3149 2)
1554 3071 1867 3149 suspicatur
1896 3081 2186 3149 Θεομαχία
2207 3081 2265 3134 et
2286 3080 2413 3149 περὶ
2433 3080 2625 3150 γιγάν-

281 3179 394 3214 των
431 3159 598 3213 11111118
634 3158 765 3214 libri
805 3158 991 3213 varias
1031 3175 1153 3213 esse
1190 3158 1600 3229 inscriptiones.
1636 3192 1700 3199 —
1731 3159 1945 3214 Deinde
1984 3159 2092 3212 hoc
2128 3161 2250 3214 loco
2288 3159 2460 3214 liceat
2487 3159 2625 3213 mihi

280 3240 643 3311 interpretari
679 3239 1024 3294 Artemidori
1071 3240 1275 3294 verba:
1333 3244 1496 3294 τοῦτο
1551 3237 1656 3309 μὲν
1703 3237 1810 3309 γὰρ
1858 3237 1917 3294 οἷ
1961 3239 2197 3293 παλαιοὶ
2234 3238 2365 3301 τοὺς
2404 3236 2625 3308 μακρὰν

282 3319 759 3391 ἀποδημήσαντας
808 3318 887 3382 εἰς
910 3315 1106 3374 “Audon
1158 3321 1555 3386 πεπορεῦσθαι
1593 3317 1784 3389 ἔλεγον
1823 3336 1870 3374 6.
1902 3338 1955 3388 q.
1984 3338 2023 3373 s.
2054 3337 2108 3387 p.
2143 3324 2259 3387 153,
2292 3327 2349 3385 ὃς
2408 3311 2628 3388 spectat

284 3400 374 3455 hic
411 3402 474 3456 A.
516 3401 590 3456 ad
630 3404 847 3455 veteres
893 3404 1092 3470 poetas
1138 3399 1228 3455 vel
1267 3399 1740 3469 mythographos,
1792 3417 1930 3468 111108
1979 3398 2143 3467 dicit,
2183 3399 2229 3452 si
2268 3400 2391 3467 quis
2430 3400 2626 3468 procul

280 3482 446 3536 domo
486 3480 747 3552 afuisset,
785 3481 1054 3536 transisse
1104 3480 1178 3535 ad
1219 3479 1425 3534 inferos
1463 3478 1712 3544 finxisse3
1759 3478 1994 3533 forsitan
2035 3495 2101 3532 ex
2140 3477 2482 3547 etymologia
2519 3478 2625 3532 hoc

281 3559 393 3613 sibi
429 3563 793 3630 persuaserit:
842 3557 1060 3623 ἆειὸέςε
1097 3557 1280 3629 ’Ἅιδης
1320 3561 1388 3615 cf.
1432 3559 1591 3615 Corn.
1636 3559 1704 3614 de
1742 3577 1797 3614 n.
1827 3559 1879 3613 d.
1908 3558 1995 3614 ed.
2025 3557 2199 3627 Lang.
2241 3565 2326 3626 74,
2356 3567 2404 3613 5.
2479 3558 2622 3612 Aliis

280 3641 420 3696 locis
457 3645 738 3706 παλαιους
774 3645 942 3698 vocat
979 3659 1074 3696 eos
1115 3641 1212 3711 qui
1251 3643 1382 3696 ante
1421 3640 1608 3711 ipsum
1640 3639 2024 3695 onirocritieos
2055 3639 2401 3708 scripserunt
2435 3639 2624 3705 libros,

280 3720 372 3775 hic
413 3723 655 3788 eosdem,
695 3722 764 3777 de
804 3722 1006 3792 quibus
1046 3722 1325 3776 Cornutus
1364 3721 1680 3790 praedicat:
1735 3714 1837 3787 οὐχ
1875 3715 1937 3772 οἱ
1966 3718 2231 3787 τυχόντες
2269 3715 2532 3788 ἐγένοντο
2572 3715 2631 3771 οἷ

277 3799 518 3855 παλαιοὶ.
555 3798 695 3856 ἀλλὰ
733 3802 834 3856 καὶ
871 3800 1128 3857 συνιέναι
1166 3800 1270 3870 τὴν
1300 3804 1400 3855 τοῦ
1430 3798 1646 3870 κόσμου
1686 3798 1859 3868 φύσιν
1899 3796 2089 3852 ἱκανοὶ
2124 3800 2220 3852 καὶ
2257 3796 2397 3868 πρὸς
2432 3796 2496 3852 τὸ
2527 3795 2623 3851 διὰ

280 3881 572 3954 συμβόλων
610 3883 708 3936 καὶ
748 3880 1095 3951 αἰνιγμάτων
1135 3883 1523 3951 φιλοσοφῆσαι
1559 3880 1692 3947 περὶ
1727 3875 1901 3948 αὐτῆς
1940 3875 2287 3949 εὖεπίφοροι.
2326 3899 2381 3949 p.
2413 3886 2499 3949 76,
2529 3886 2577 3933 3.

460 3982 512 4049 1)
550 3979 685 4035 Noli
714 3980 944 4034 haerere
975 3981 1035 4034 in
1062 3998 1148 4047 e0,
1187 3982 1335 4050 quod
1365 3979 1431 4034 A.
1461 3979 1598 4033 dicit
1627 3983 1898 4045 καλεῖται,
1927 3977 2272 4047 νενόμισται,
2300 3995 2425 4032 raro
2456 3973 2622 4033 ἐστίν.

279 4061 475 4131 Neque
525 4061 672 4116 enim
721 4062 827 4116 boc
875 4061 1146 4130 premitur
1191 4061 1513 4131 Apollinem
1563 4077 1624 4114 re
1671 4076 1804 4114 vera
1850 4059 2023 4113 solem
2074 4075 2229 4126 esse,
2284 4061 2482 4113 contra.
2516 4061 2623 4114 hoc

280 4142 473 4213 magni
509 4143 781 4198 momenti
821 4146 923 4212 est,
960 4145 1153 4198 notam
1206 4160 1327 4197 esse
1376 4159 1495 4196 60111
1548 4137 1889 4195 sententiam
1926 4145 2049 4204 230,
2078 4145 2127 4193 4.
2170 4143 2289 4207 157,
2323 4145 2404 4195 16.
2477 4140 2619 4193 Nam

276 4224 572 4294 profitetur
608 4222 671 4278 A.
711 4223 926 4279 somnia
964 4222 1239 4291 quaedam
1279 4223 1413 4278 oriri
1441 4240 1506 4276 ex
1536 4221 1724 4274 anima.
1753 4220 2173 4285 dormientium3
2213 4235 2355 4287 quae
2385 4236 2509 4274 eum
2542 4220 2622 4273 ita

277 4305 410 4373 sint,
448 4321 573 4359 cum
611 4305 799 4358 01111110
834 4304 964 4373 ipsa.
1000 4303 1217 4358 somnia
1254 4303 1433 4372 fingat
1451 4345 1465 4372 ,
1514 4317 1647 4355 80116
1686 4299 1922 4354 multum
1961 4299 2130 4368 valet,
2171 4315 2313 4368 111106
2350 4299 2463 4353 sint
2500 4300 2620 4354 eius

276 4384 538 4448 notiones
570 4387 627 4439 et
665 4383 1054 4453 cogitationes.
1129 4381 1391 4453 Accedit,
1442 4382 1593 4451 quod
1633 4381 1697 4436 A.
1736 4395 1836 4450 pro
1875 4381 2026 4433 certo
2064 4379 2189 4447 scit,
2229 4378 2368 4434 01108
2407 4379 2476 4431 de
2514 4379 2620 4434 hac

275 4482 338 4520 re
374 4464 541 4519 aliter
577 4480 827 4531 censer03
867 4480 935 4518 60
972 4480 1191 4532 quoque
1230 4465 1300 4518 de
1340 4480 1510 4520 causa
1547 4461 1877 4532 νενόμισται
1906 4465 2011 4516 etc.
2051 4459 2340 4529 scripsisse
2379 4459 2617 4516 videtur.
