3200 5167
1230 321 1715 389 —113-

190 494 195 499 ⁸
305 503 571 566 hauserit
598 502 664 566 X.
716 524 780 566 ea
812 504 885 567 de
917 506 1044 566 deis
1092 514 1151 566 et
1201 506 1559 568 divinatione
1609 506 1845 570 decreta
1884 505 2154 570 nonnulli
2193 506 2651 589 responderunt,
2720 525 2724 529 ’

305 606 566 683 pendere
613 624 749 664 eum
791 624 820 663 a
860 604 1206 685 Pythagora,
1254 605 1314 665 id
1363 607 1524 685 quod
1571 607 1907 685 negandum
1947 626 2080 668 esse
2127 621 2299 687 puto;
2346 608 2650 667 tractanda

301 705 486 781 igitur
552 714 691 763 sunt
745 703 1192 782 Pythagorae
1260 702 1331 762 de
1378 703 1492 763 hoc
1560 714 1909 782 argumento
1975 715 2308 784 praecepta.
2404 705 2485 765 De
2535 724 2650 784 quo

302 800 458 879 apud
507 800 855 861 Ciceronem
903 804 962 860 in
1020 800 1190 861 lihris
1238 801 1311 861 de
1360 801 1472 861 div.
1523 819 1641 860 uno
1701 802 1830 862 loco
1888 803 2139 863 dicitur:
2204 799 2258 861 Il
2298 799 2452 863 119:
2518 804 2652 863 Iam

304 901 693 976 Pytlzaqoras
722 907 781 960 et
809 901 1002 974 Plato,
1042 889 1496 976 locupletissimi
1532 906 1835 974 auctores,
1874 920 1991 975 quo
2030 905 2093 961 in
2121 905 2343 962 somnis
2380 906 2652 962 certiora

303 1000 614 1058 videamus
646 1005 1060 1074 praeparatos
1107 999 1369 1071 quodam
1410 999 1577 1057 cultu
1622 1005 1803 1073 atque
1840 1003 2003 1060 victu
2034 1002 2355 1076 proficisci
2391 1002 2476 1059 ad
2511 1002 2648 1059 dor-

302 1099 605 1156 miendum
652 1098 857 1157 iubent
866 1117 891 1166 ;
931 1095 1086 1170 faba
1133 1098 1375 1169 quidem
1415 1095 1798 1171 Pythaqorei
1839 1101 2046 1172 utique
2094 1099 2427 1177 abstinere,
2476 1100 2656 1172 quasi

298 1211 442 1254 vero
491 1211 559 1255 eo
607 1197 744 1255 cibo
790 1213 956 1255 meus
1002 1211 1121 1254 non
1172 1199 1380 1254 venter
1428 1194 1694 1266 infletur.
1790 1195 1862 1255 cf.
1903 1194 2059 1256 Plut.
2096 1195 2167 1254 de
2207 1195 2284 1274 pl.
2322 1195 2421 1274 ph.
2462 1193 2506 1251 V
2549 1194 2607 1256 1.

479 1292 541 1352 P.
596 1293 780 1371 igitur
834 1294 1083 1370 eiusque
1145 1290 1422 1370 discipuli
1482 1303 1844 1370 acceperunt
1902 1294 2321 1354 divinationem
2378 1311 2498 1353 uno
2555 1312 2650 1352 ex·

301 1398 477 1467 cepto
523 1409 761 1473 genere,
808 1400 874 1450 ut
922 1398 1114 1450 exstat
1160 1389 1316 1468 apud
1366 1388 1768 1451 Plutarchum.
1845 1391 2167 1462 Quaeritur
2214 1391 2314 1453 ubi
2363 1391 2474 1451 hae
2522 1410 2651 1451 sen-

201 1510 204 1513 ·
303 1490 522 1548 tentiae
570 1492 844 1549 inventae
902 1491 1045 1548 sint:
1104 1487 1360 1548 traditur
1415 1497 1613 1548 autem
1674 1491 1883 1549 vetitos
1941 1507 2073 1550 esse
2120 1490 2521 1568 Pythagoreos
2579 1489 2650 1548 de

296 1585 674 1666 philosophia
714 1586 899 1647 lihros
946 1604 1330 1667 componere,
1389 1604 1463 1645 ne
1511 1588 1778 1664 ipsorum
1828 1587 2066 1648 decreta
2115 1586 2393 1647 omnibus
2440 1604 2650 1664 cogno·

300 1692 614 1745 scerentur
668 1678 786 1766 (μὴ
841 1675 1017 1745 εἶναι
1062 1675 1279 1744 πάντα
1326 1675 1495 1765 πρὸς
1543 1677 1798 1759 πάντας
1844 1678 2062 1769 ῥητά).
2163 1684 2315 1745 Sane
2364 1684 2649 1763 Pythago-

297 1800 422 1842 ram
484 1787 680 1863 ipsum
740 1773 889 1844 nihil
950 1784 1262 1862 scripsisse
1325 1800 1497 1842 nemo
1564 1783 1831 1866 negabit,
1893 1784 1966 1844 de
2027 1782 2337 1862 discipulis
2402 1792 2650 1842 constat.

298 1879 444 1940 Nam
511 1901 646 1942 cum
712 1885 964 1943 societas
1028 1881 1124 1941 illa
1180 1880 1688 1959 Pythagoreorum
1748 1893 2001 1943 exeunte
2059 1881 2297 1942 saeculo
2359 1879 2403 1937 V
2465 1883 2650 1958 magis

299 1981 601 2058 magisque
649 1980 1000 2062 solveretur,
1047 1989 1363 2058 praecepta
1413 1997 1485 2038 ne
1524 1981 1765 2040 omnino
1804 1983 2088 2061 perirent,
2136 1978 2442 2058 discipulis
2481 1990 2652 2039 erant

297 2077 751 2160 conscribenda,
799 2082 957 2139 inter
1014 2095 1165 2157 quos
1212 2078 1464 2136 maxime
1512 2076 1849 2139 floruerunt
1895 2080 2181 2159 Archytas
2229 2088 2288 2139 et
2334 2077 2648 2139 Philolaus,

299 2173 502 2253 Itaque
557 2176 703 2236 haec
761 2194 998 2255 quoque
1055 2192 1204 2253 quae
1262 2183 1534 2253 spectant
1581 2176 1652 2236 ad
1701 2174 2122 2240 divinationem
2179 2197 2210 2238 a
2266 2178 2650 2257 Pythagoreis

299 2273 650 2350 quibusdam
718 2277 920 2336 nescio
981 2291 1054 2333 an
1124 2274 1475 2351 posterioris
1500 2268 1551 2354 1)
1614 2278 1822 2336 aetatis
1884 2276 2100 2337 litteris
2160 2276 2431 2335 mandata
2493 2287 2650 2337 sunt.

474 2371 755 2434 Venimus
793 2373 865 2433 ad
904 2372 1421 2450 Democritum3
1469 2375 1571 2450 qui
1612 2391 1762 2452 quae
1812 2377 2115 2435 censuerit
2161 2375 2234 2433 de
2273 2373 2650 2454 divinatione,

297 2471 439 2529 satis
500 2462 651 2531 hene
704 2474 956 2552 scimus3
1023 2468 1326 2528 videamus
1373 2470 1663 2549 primum,
1712 2490 1863 2550 quae
1925 2473 1998 2532 de
2062 2491 2132 2532 eo
2193 2479 2429 2532 exstent
2493 2472 2645 2552 apud

296 2569 638 2645 scriptores,

475 2665 595 2727 Cic.
644 2667 717 2728 de
757 2668 869 2728 div.
908 2667 934 2727 1
976 2663 1120 2728 131.
1170 2663 1221 2724 II
1264 2661 1424 2725 120:
1484 2667 1702 2728 Vtrum
1741 2672 1934 2744 iqitur
1971 2687 2301 2738 censemus,
2350 2672 2647 2730 dormien-

294 2767 443 2824 tium
481 2769 715 2828 animos
746 2786 862 2844 per
898 2785 1041 2827 sene
1079 2768 1238 2841 ipsos
1275 2767 1340 2824 in
1374 2768 1733 2826 somniando
1770 2771 2015 2842 moveri,
2063 2786 2161 2846 an,
2208 2773 2276 2826 ut
2314 2768 2386 2826 D.
2426 2775 2647 2842 censet,

296 2870 558 2923 externa
605 2873 665 2925 et
718 2867 1068 2927 adventicia
1115 2865 1343 2922 visione
1382 2866 1667 2938 pulsari?
1772 2863 2048 2925 Ceterum
2109 2882 2225 2943 quo
2286 2875 2515 2943 spectet
2562 2868 2647 2924 eis

297 2958 495 3020 verbis
542 2961 769 3044 Cicero,
815 2961 1233 3042 cognoscimus
1289 2977 1360 3018 ex
1416 2958 1721 3021 Plutarchi
1778 2972 2006 3041 quaest.
2062 2981 2229 3024 conv.
2271 2960 2398 3021 VIII
2440 2959 2540 3042 10,
2580 2960 2648 3042 23

300 3055 374 3116 ab
432 3058 607 3119 idolis
663 3063 848 3139 igitur
902 3060 1129 3120 ducens
1186 3058 1413 3117 somnia
1472 3059 1536 3121 D.
1585 3060 1817 3120 futuras
1873 3078 1971 3120 res
2034 3060 2357 3138 significari
2403 3062 2648 3137 putavit.

296 3154 647 3235 Priusquam
707 3158 779 3219 ad
836 3161 965 3219 eius
1022 3159 1244 3236 scripta
1302 3165 1625 3236 transeam,
1681 3156 1753 3215 de
1813 3158 1926 3217 vita
1988 3157 2302 3236 quaedam,
2361 3175 2511 3234 quae
2558 3158 2645 3216 in-

297 3256 615 3315 veniuntur
664 3257 817 3336 apud
857 3256 1177 3333 Diogenem
1215 3253 1515 3314 Laertium
1556 3263 1616 3313 et
1654 3253 1896 3314 Suidam
1936 3255 2163 3336 addam,
2210 3274 2359 3334 quae
2408 3255 2645 3332 quidem

295 3350 366 3410 ad
407 3354 593 3430 ipsam
634 3352 1051 3413 divinationem
1091 3353 1393 3430 pertinere
1434 3352 1725 3412 videntur.
1801 3351 1865 3412 D.
1895 3351 1958 3412 L.
1997 3352 2077 3412 IX
2115 3349 2231 3413 39:
2275 3348 2644 3431 τρέφεσθαι

296 3444 446 3531 (τὸν
475 3443 588 3532 Δ.)
638 3442 748 3511 διὰ
783 3443 909 3531 τὴν
956 3442 1246 3531 ἀπορίαν
1291 3440 1423 3510 ὑπὸ
1469 3439 1810 3529 τάδελφοῦ
1840 3442 2188 3529 Δαμάσου.
2228 3441 2319 3522 ὥς
2366 3443 2440 3510 δὲ
2485 3470 2646 3529 προ-

292 3540 501 3608 ειπών
555 3567 706 3609 τινα
769 3547 904 3610 τῶν
949 3540 1331 3628 μελλόντων
1388 3537 1782 3627 εὐδοκίμησε
1845 3540 2083 3610 λοιπὸν
2139 3542 2386 3610 ἐνθέου
2447 3541 2645 3627 δόξης

292 3637 469 3725 παρὰ
507 3652 643 3718 τοῖς
689 3645 1016 3718 πλείστοις
1065 3637 1342 3724 ἠξιώθη.

476 3751 703 3813 Suidas.
793 3754 967 3832 Δημ.
1009 3744 1396 3832 Ἀβδηρίτης
1452 3747 1521 3812 ἐκ
1569 3746 1834 3834 Θρᾴκης
1889 3745 2291 3832 φιλόσοφος·
2340 3744 2644 3832 μαθητὴς

291 3842 458 3910 κατά
497 3870 683 3924 τινας
706 3841 1155 3929 Ἀναξαγόρου
1191 3843 1303 3910 καὶ
1343 3847 1751 3927 Λευκίππου,
1790 3842 1880 3921 ὥς
1918 3848 1996 3911 δέ
2029 3869 2203 3922 τινες
2238 3844 2348 3909 καὶ
2377 3842 2642 3928 Μάγων

291 3942 403 4008 καὶ
451 3946 810 4010 Χαλδαίων
857 3946 1168 4028 Περσῶν·
1225 3934 1393 4027 ἦλθε
1437 3937 1566 4027 γὰρ
1624 3940 1734 4007 καὶ
1787 3945 1879 4021 εἰς
1925 3944 2191 4029 Πέρσας
2235 3943 2345 4008 καὶ
2387 3938 2644 4019 Ἰνδοὺς

291 4041 403 4106 καὶ
450 4046 858 4126 Αἰγυπτίους
902 4040 1012 4106 καὶ
1056 4037 1137 4106 τὰ
1185 4036 1332 4126 παρ’
1386 4039 1686 4118 ἑκάστοις
1733 4039 2101 4126 ἐπαιδεύθη
2151 4039 2345 4125 σοφά.

472 4145 636 4205 Vnde
681 4144 1080 4223 intellegimus
1131 4144 1531 4205 Democritum
1581 4147 1780 4223 ipsum
1832 4145 2062 4205 futuras
2110 4163 2209 4205 res
2256 4144 2645 4223 praedixisse,

293 4243 452 4322 quod
502 4262 572 4303 ex
620 4244 818 4322 priore
867 4242 1105 4321 quidem
1154 4243 1281 4303 loco
1330 4252 1532 4321 aperte
1580 4242 1778 4302 elucet
1838 4260 1948 4301 nec
2006 4245 2201 4302 minus
2249 4251 2411 4302 certe
2461 4243 2642 4301 eflici-

478 4435 529 4502 1)
568 4432 650 4487 Of.
688 4431 886 4500 Zeller‚
924 4432 1130 4488 Philos.
1171 4432 1224 4486 d.
1266 4431 1546 4486 Griechen
1586 4431 1746 4485 111b³
1783 4438 1851 4486 99
1884 4450 1964 4499 sq.

402 4551 817 4592 commentationes
845 4551 1074 4591 lonenses.
1130 4551 1183 4590 V.
2179 4541 2211 4588 8
