3200 5167
1247 316 1724 384 *115*

287 508 674 562 ,attenuatae
718 504 1012 577 reliquias
1050 505 1277 563 otiosae
1324 505 1533 564 latere.
1631 505 1827 566 Porro
1883 509 2044 568 aliae
2100 525 2285 582 usque
2342 507 2428 567 ad
2474 526 2657 584 prae-

318 602 560 676 cipitem
628 605 950 662 amentiam
1007 606 1397 675 confirmari;
1462 620 1620 677 quae
1682 624 1748 665 se
1812 614 2103 667 exserunt
2168 609 2485 667 immanius
2543 626 2659 682 per

318 702 598 780 quietem,
643 703 918 775 quotiens
965 703 1205 760 ratione
1249 703 1492 776 sospita,
1540 720 1700 776 quae
1746 711 1835 763 est
1880 712 2085 765 rector
2131 709 2660 784 mansuetissimuS,

316 805 524 858 cetera
565 817 718 874 pars
775 801 968 858 animi
1021 801 1326 873 aqrestior
1372 801 1623 859 immani
1684 804 1947 875 quadam
1996 804 2288 862 ebrietate
2334 807 2659 863 luxurians

307 899 488 970 pulsa
534 900 734 971 quiete
782 899 990 972 perqit
1044 899 1131 956 ad
1185 898 1445 956 incestas
1501 899 1782 958 libidines
1792 920 1816 969 ;
1881 905 2028 960 tune
2083 903 2301 975 quippe
2356 902 2512 960 nihil
2554 908 2657 981 est,

313 997 478 1067 quod
537 1012 659 1055 non
725 997 1082 1054 audeat...
1151 1001 1368 1054 eontra
1435 1012 1570 1055 eum
1637 1000 1757 1056 erit
1820 1001 1882 1057 in
1946 1000 2184 1058 salubri
2240 1006 2402 1058 statu
2455 1004 2656 1076 posita

312 1099 598 1168 casteque
638 1095 905 1154 cubitum
945 1094 1079 1171 ibit,
1101 1139 1114 1151 .
1136 1138 1149 1152 .
1171 1139 1184 1151 .
1226 1100 1348 1152 tum
1398 1102 1563 1154 certe
1610 1097 1995 1156 rationabilis
2044 1100 2285 1156 animae
2326 1116 2477 1172 pars
2517 1117 2656 1174 per-

314 1194 509 1252 veniet
564 1194 649 1251 ad
702 1193 1051 1267 indaqinem
1107 1194 1270 1262 veri;
1333 1210 1491 1267 quae
1546 1199 1636 1252 est
1688 1196 1934 1254 sincera
1983 1197 2316 1271 prudentia
2371 1214 2485 1256 nee
2530 1200 2655 1257 ulla

230 1325 235 1329 ·
310 1293 527 1351 existet
570 1293 801 1366 speeies
854 1289 1102 1364 nefaria
1162 1294 1544 1350 somniorum.
1640 1290 1737 1351 Sic
1785 1292 2038 1373 explicat
2084 1292 2274 1353 Chalc.
2324 1312 2532 1353 comm.
2593 1296 2650 1353 in

308 1385 451 1446 Plat.
482 1385 630 1447 Tim.
660 1386 913 1448 Mullach
943 1386 994 1446 ΙΙ
1022 1406 1077 1465 p.
1109 1385 1254 1448 234.
1348 1387 1450 1447 His
1490 1390 1674 1466 igitur
1712 1390 1910 1450 verbis
1959 1392 2184 1450 somnia
2225 1400 2291 1450 ut
2338 1391 2409 1451 ab
2460 1394 2654 1451 animo

203 1504 206 1507 ·
310 1485 460 1565 ficta,
511 1504 628 1545 non
674 1488 935 1546 immissa
984 1505 1016 1545 a
1062 1484 1190 1546 deis
1237 1495 1339 1546 aut
1386 1485 1771 1547 daemonibus
1820 1488 2212 1549 declarantur.

485 1581 858 1662 Spernebant
914 1584 1331 1644 divinationem
1395 1602 1630 1643 omnem
1694 1584 1967 1668 Cynici,
2028 1588 2186 1647 inter
2252 1606 2402 1666 quos
2466 1587 2654 1648 Oeno-

309 1699 472 1741 maus
520 1681 706 1742 altero
768 1702 821 1762 p.
871 1682 1005 1743 Chr.
1055 1701 1109 1743 n.
1171 1682 1406 1743 saeculo
1469 1684 1712 1762 scripsit
1772 1677 2033 1764 γοήτων
2094 1677 2306 1764 φωρά.
2363 1679 2465 1767 (cf.
2513 1685 2652 1755 Eas,

305 1798 392 1858 pr.
432 1799 517 1842 ev.
556 1781 603 1840 V
640 1775 758 1865 21)
806 1781 1334 1843 vehementissime
1381 1781 1478 1842 ille
1544 1784 1815 1844 invectus
1872 1791 1964 1843 est
2018 1785 2076 1842 in
2137 1783 2400 1845 oracula:
2466 1783 2653 1845 Παῦ-

304 1893 416 1939 σαι
474 1873 548 1940 δὲ
593 1874 705 1940 καὶ
744 1873 861 1959 σύ,
909 1865 961 1941 ὦ
1006 1872 1374 1958 ’Ἀπολλον,
1423 1875 1665 1961 μάταια
1721 1878 2161 1965 χρησμῳδῶν·
2209 1879 2387 1942 ἔσται
2436 1874 2565 1961 γὰρ
2614 1874 2649 1944 ὃ

306 1973 438 2058 δεῖ,
486 1976 667 2039 ἔσται
703 1967 832 2041 κᾶν
871 1969 956 2040 σὺ
994 1976 1258 2062 σιωπᾷς.
1306 1975 1474 2061 (EuS.
1513 1997 1603 2057 pr.
1634 1998 1718 2039 ev.
1749 1978 1823 2038 Vl
1855 1978 1913 2060 7,
1943 1974 2075 2062 37.)
2152 1965 2233 2039 De
2282 1980 2399 2039 fato
2453 1990 2647 2041 autem

307 2073 662 2156 Stoicorum,
708 2077 865 2137 unde
914 2076 1211 2138 ducebant
1258 2076 1694 2158 divinationem,
1740 2077 1886 2138 haec
1933 2078 2137 2138 habet:
2175 2064 2254 2138 Ὦ
2298 2071 2656 2155 Χρύσιππέ

301 2191 369 2232 τε
417 2166 527 2233 καὶ
575 2169 927 2248 Κλέανθες
971 2169 1080 2236 καὶ
1129 2166 1275 2236 ὅσοι
1323 2169 1567 2237 τούτου
1614 2173 1735 2237 τοῦ
1763 2181 1971 2256 χοροῦ
2022 2211 2096 2220 -
2133 2167 2320 2256 ὑμεῖς
2364 2196 2492 2254 γαρ
2540 2198 2648 2239 πε-

300 2270 592 2349 ποίησθε
647 2263 818 2334 εἶναι
879 2265 1134 2353 ἀγαθοί
1178 2306 1259 2316 -
1325 2266 1450 2353 ἐγω
1514 2267 1636 2355 μὲν
1698 2268 1942 2356 ἀρετὴν
2003 2272 2282 2352 ἐπαινῶ,
2343 2267 2516 2355 ὑμᾶς
2576 2272 2649 2339 δὲ

300 2362 459 2442 τοὺς
505 2365 857 2449 ἐναρέτους
905 2362 1027 2433 οὐκ
1085 2368 1359 2433 ἐπαινῶ·
1426 2364 1592 2433 ἀλλὰ
1655 2367 1765 2434 καὶ
1820 2367 1941 2436 τὸν
1984 2365 2377 2454 Ἐπίκουρον
2438 2365 2518 2435 ὃν
2566 2369 2639 2437 σι’

301 2459 536 2546 πολλὰ,
585 2455 637 2530 ὦ
685 2462 1068 2550 Χρύσιππε,
1117 2463 1650 2552 ἐβλασφήμησας,
1698 2464 1825 2552 ἐγώ
1864 2464 1942 2534 τό
1979 2492 2053 2551 γε
2101 2468 2205 2533 ἐπὶ
2254 2467 2360 2533 σοὶ
2407 2468 2649 2555 ἀφίημι

300 2563 434 2626 τῶν
503 2560 949 2647 ἐγκλημάτων.
1064 2568 1147 2629 Τί
1205 2560 1332 2649 γὰρ
1398 2561 1584 2650 πάθῃ
1654 2560 1726 2643 ὃς
1792 2562 1915 2650 οὐχ
1980 2562 2149 2630 ἑκὼν
2215 2555 2301 2647 ἦν
2360 2566 2648 2650 μαλακὸς

301 2654 463 2725 οὐδὲ
510 2656 760 2746 ἄδικος,
810 2658 1028 2744 ὥσπερ
1075 2659 1391 2739 πολλάκις
1439 2659 1646 2727 αὐτὸν
1694 2659 2155 2749 ἐλοιδόρησαςς
2205 2662 2373 2751 (Eus,
2422 2688 2508 2747 pr.
2559 2690 2644 2731 ev,

300 2761 372 2820 Vl
413 2760 469 2844 7,
506 2758 639 2844 40.)

478 2862 841 2941 Antiphon
887 2864 1123 2942 quidam
1173 2863 1326 2944 apud
1378 2863 1722 2924 Ciceronem
1764 2872 2293 2924 commemoratur:
2348 2865 2421 2925 de
2469 2866 2580 2926 div.
2622 2867 2643 2924 Ι

295 2955 400 3019 39.
457 2956 594 3020 116.
650 2957 899 3042 11144;
976 2964 1109 3041 quis
1165 2962 1263 3022 ille
1330 2964 1432 3044 sit,
1500 2964 1835 3042 quaeritur,
1900 2963 2140 3022 afferam
2209 2963 2415 3044 igitur,
2494 2982 2642 3042 quae

297 3057 450 3134 apud
504 3056 744 3119 Suidam
807 3069 867 3119 et
922 3060 1082 3139 Diog.
1141 3060 1333 3121 Laert.
1397 3061 1469 3121 de
1526 3059 1991 3139 Antiphontihus
2048 3059 2392 3121 traduntur:
2459 3061 2516 3121 S.
2559 3053 2671 3147 Ἀ.Δ

289 3147 649 3235 Ἀθηναῖος
702 3152 1185 3236 τερατοσκόπος
1244 3153 1352 3219 καὶ
1405 3151 1717 3231 ἐποποιὸς
1778 3152 1887 3218 καὶ
1948 3154 2297 3238 σοφιστής·
2354 3154 2642 3220 ἐκαλεῖτο

297 3246 370 3313 δὲ
423 3248 935 3337 Λογομάγειρος.
985 3260 1256 3337 sequitur
1301 3259 1435 3318 Ant.
1484 3257 1716 3336 rhetor3
1764 3256 2004 3316 deinde:

470 3343 555 3414 'A.
595 3347 952 3434 Ἀθηναῖος
1000 3346 1454 3437 ὀνειροκρίτης
1500 3349 1647 3434 περὶ
1685 3353 1961 3435 κρίσεως
1999 3345 2286 3431 ὀνείρων
2335 3354 2642 3435 ἔγραψεν.

472 3450 534 3512 D.
575 3451 638 3511 L.
678 3448 819 3533 115,
853 3449 954 3514 25.
1012 3444 1239 3537 Τούτῳ
1281 3445 1348 3535 (i.
1380 3472 1428 3513 e.
1474 3445 1892 3534 Socrati).ng,
1932 3444 2112 3513 καθά
2150 3465 2316 3532 φησι
2349 3448 2640 3528 Ἀριστο-

293 3543 480 3629 τέλης
527 3545 601 3610 ἐν
645 3548 842 3635 τρίτῳ
889 3546 1039 3630 περὶ
1085 3549 1451 3632 ποιητικῆς,
1493 3547 1886 3630 ἐφιλονείκει
1928 3542 2012 3612 'A.
2062 3543 2096 3613 ὁ
2143 3544 2637 3631 τερατοσκόπος.

475 3643 601 3708 Duo
658 3652 1031 3727 potissimum
1067 3649 1481 3729 'Antiphontes
1541 3653 1666 3710 noti
1723 3667 1853 3709 esse
1922 3650 2114 3710 solent
2175 3651 2448 3710 omnibus
2510 3654 2636 3729 qui-

293 3766 530 3826 cunque
578 3749 639 3806 in
688 3748 881 3808 studia
931 3751 1300 3828 antiquitatis
1349 3748 1728 3809 incumbunt:
1776 3748 1923 3807 alter
1971 3747 2177 3808 rhetor
2222 3749 2639 3830 RhamnusiuS,

293 3844 444 3905 alter
491 3844 780 3926 sophista,
828 3852 1081 3925 uterque
1129 3847 1254 3907 fere
1304 3844 1566 3924 aequalis
1616 3845 1876 3905 Socratis
1925 3853 1984 3903 et
2029 3843 2318 3925 Platonis3
2385 3844 2485 3904 sed
2536 3865 2635 3905 an·

294 3944 476 4020 tiquis
523 3944 637 4001 iam
685 3943 1082 4022 temporibuS,
1148 3962 1287 4004 num
1346 3942 1803 4003 discernendum
1854 3949 2011 4002 esset
2066 3945 2223 4002 inter
2267 3942 2402 4022 hos,
2469 3943 2632 4004 dubi·

293 4048 479 4101 tatum
531 4049 638 4100 est.
704 4040 787 4101 Cf.
835 4040 1225 4120 Hermogenis
1273 4041 1344 4101 de
1393 4042 1753 4120 Antiphonte
1803 4041 2114 4101 iudicium:
2181 4038 2365 4120 Walz,
2414 4041 2501 4102 rh.
2550 4061 2633 4120 gr.

291 4137 373 4198 111
418 4159 470 4217 p.
504 4134 647 4200 385.
751 4139 1047 4218 Antiphon
1120 4141 1208 4199 ed.
1266 4138 1428 4199 Blass
1488 4159 1542 4218 p.
1582 4138 1789 4199 XXIX.
1865 4173 1938 4181 —
2001 4139 2203 4217 Nuper
2263 4138 2635 4200 Hermannus

293 4237 591 4315 Sauppius
665 4255 730 4296 ea
807 4257 871 4298 re
948 4233 1194 4299 tractata
1258 4241 1319 4299 in
1383 4239 1502 4299 ind.
1578 4237 1759 4297 schol.
1819 4237 1974 4297 Gott.
2036 4233 2202 4297 1867
2280 4237 2423 4297 haec
2499 4257 2635 4298 cen-

291 4343 411 4395 set:
485 4352 603 4393 non
677 4333 1135 4415 disiungendum
1212 4355 1341 4397 esse
1426 4336 1579 4415 apud
1667 4335 1907 4395 Suidam
1988 4335 2236 4396 alterum
2313 4354 2342 4393 a
2419 4339 2633 4417 priore,

289 4451 429 4494 cum
484 4434 764 4512 Didymus
820 4435 973 4514 apud
1033 4435 1495 4515 Hermogenem,
1553 4437 1979 4513 coniectorem,
2039 4434 2401 4491 somniorum
2452 4437 2630 4493 inter-

2134 4532 2202 4587 8*
