3200 5167
1209 393 1294 405 -—
1391 358 1697 423 143-

281 541 544 622 θείου,
592 538 681 625 πῇ
731 533 804 603 δὲ
852 532 941 615 ὥς
984 535 1133 623 περὶ
1181 538 1550 620 ἐπιγείου
1595 534 1721 602 καὶ
1769 544 1912 602 τοῦ
1967 538 2049 602 ἐν
2104 531 2396 623 χρήσει.
2488 541 2614 602 Duo

281 650 479 703 autem
535 648 675 701 sunt
732 640 948 700 Stoicis
1002 641 1169 719 ignes
1225 642 1397 719 eique
1457 640 1709 700 maxime
1758 639 2004 722 diversi3
2061 658 2222 701 unus
2275 639 2617 720 perlucidus

280 747 341 799 et
385 756 591 818 puruS,
640 730 907 815 διαυγὲς
951 732 1061 798 καὶ
1107 731 1434 819 καθαρόν,
1481 737 1647 817 alter,
1695 744 1831 799 aere
1877 741 2237 818 permixtuS,
2295 756 2473 817 quem
2520 739 2617 798 ad-

278 836 551 897 hibemus
597 837 659 896 in
707 854 881 897 usum
928 837 1107 897 vitae:
1161 828 1235 896 τὸ
1287 832 1359 896 ἐν
1405 828 1634 916 χρήσει
1689 831 1798 896 καὶ
1856 828 2228 917 ἄερομιγές,
2287 844 2353 896 ut
2410 837 2616 898 distin-

281 938 411 1014 guit
474 934 772 995 Cornutus
839 933 940 1015 33,
984 931 1084 994 14.
1177 935 1275 995 Sic
1340 942 1400 994 et
1462 934 1681 995 Balbus
1748 934 1985 995 Stoicus
2049 935 2202 1014 apud
2271 934 2617 995 Ciceronem

280 1033 566 1093 discernit
612 1034 834 1112 ignem,
893 1051 1069 1111 quem
1116 1032 1462 1093 adhibemus
1509 1033 1581 1093 ad
1634 1051 1809 1093 usum
1855 1036 2008 1094 vitae
2054 1040 2231 1111 atque
2277 1035 2496 1093 victum
2544 1033 2617 1092 ab

281 1150 376 1209 e0,
435 1132 538 1210 qui
593 1130 945 1209 corporibus
1011 1133 1395 1192 animantium
1453 1133 1793 1191 continetur
1839 1132 1893 1191 d.
1933 1151 1990 1192 n.
2030 1132 2083 1191 d.
2122 1128 2307 1193 1140.
2401 1131 2617 1191 Stoicis

282 1231 435 1307 ignis
490 1247 678 1307 purus
734 1237 793 1289 et
849 1228 1296 1307 perlucidus—
1328 1231 1532 1290 aether
1567 1264 1642 1273 —
1678 1241 1805 1290 erat
1851 1230 2143 1309 Iuppiter,
2199 1232 2355 1307 ignis
2402 1237 2617 1309 autem,

281 1344 457 1405 quem
515 1345 659 1386 usus
715 1328 866 1386 vitae
922 1328 1201 1407 requirit,
1257 1333 1384 1386 erat
1429 1325 1725 1388 Vulcanus
1819 1325 2075 1410 (Heracl.
2114 1325 2205 1388 all.
2244 1328 2398 1387 hom.
2436 1321 2617 1410 445).

280 1423 447 1494 Quod
496 1424 561 1485 A.
618 1427 953 1486 accuratius
1008 1424 1158 1485 hanc
1214 1424 1656 1486 distinctionem
1713 1445 1831 1487 non
1879 1429 2179 1507 exposuit,
2234 1428 2451 1485 mirum
2499 1444 2615 1485 non

281 1532 387 1605 est,
437 1526 714 1603 quoniam
762 1523 835 1583 ad
880 1525 1070 1602 ipsius
1118 1526 1422 1593 materiem
1470 1528 1669 1585 minus
1716 1525 2066 1604 pertinebat.

457 1622 640 1682 Porro
681 1622 752 1682 de
790 1621 1056 1682 Libero
1096 1621 1304 1682 similia
1346 1631 1593 1683 censent
1633 1624 1819 1684 Stoici
1865 1609 2040 1704 atque
2088 1632 2291 1685 noster
2328 1625 2410 1704 A,
2460 1642 2619 1683 nam-

285 1739 399 1800 que
447 1722 680 1781 etiamsi
734 1722 849 1781 iam
906 1728 1136 1780 veteres
1192 1727 1400 1799 poetae
1454 1724 1656 1782 vinum
1714 1722 2157 1801 appellaverunt
2212 1722 2307 1782 dei
2361 1724 2620 1801 nomine,

282 1818 470 1879 Stoici
514 1821 887 1896 potissimum
934 1819 1045 1879 hoc
1093 1819 1401 1898 urgebant,
1449 1822 1509 1879 in
1558 1820 1685 1881 deis
1731 1820 2035 1901 physicam
2082 1823 2197 1880 vim
2245 1822 2459 1881 inesse.

457 1916 581 1976 Art.
626 1914 770 1998 141,
809 1914 876 1977 2:
934 1908 1334 2000 (Διόνυσος)
1390 1911 1678 2000 ταραχὰς
1732 1915 1842 1980 καὶ
1902 1911 2264 1991 κινδύνους
2316 1912 2425 1979 καὶ
2486 1913 2621 1978 ἐπι-

279 2010 527 2096 βουλὰς
572 2010 681 2077 καὶ
728 2007 1149 2097 περιβοήσεις
1187 2016 1495 2097 σημαίνει
1544 2009 1656 2077 διὰ
1703 2009 1826 2097 τὴν
1872 2012 2022 2097 περὶ
2068 2010 2189 2080 τὸν
2238 2019 2408 2077 θεον
2447 2011 2621 2076 ίστο-

282 2114 438 2195 ρίαν
486 2108 596 2174 καὶ
646 2105 756 2174 διὰ
795 2106 917 2175 τὸν
955 2106 1299 2194 φυσικὸν
1345 2107 1585 2194 λόγον
1632 2114 1753 2177 τοῦ
1790 2110 2165 2186 Διονύσουι
2231 2114 2386 2186 Quid
2424 2123 2618 2175 autem

280 2212 440 2272 aliud
507 2211 620 2272 sibi
674 2212 798 2273 vult
867 2202 902 2272 ὁ
969 2206 1254 2291 φυσικὸς
1316 2206 1515 2292 λόγος
1585 2216 1703 2274 nisi
1768 2218 1968 2276 vinum
2044 2210 2323 2292 spectat?
2405 2212 2618 2272 Vinum

281 2312 463 2388 igitur
511 2317 603 2370 est
647 2309 853 2391 Liber3
923 2310 996 2370 cf.
1036 2309 1154 2370 Cic.
1194 2311 1247 2371 d.
1287 2320 1403 2371 nat.
1442 2312 1496 2372 d.
1544 2310 1739 2374 1160:
1823 2316 2134 2389 Quidquid
2175 2329 2459 2387 maynam
2505 2314 2617 2372 uti-

283 2412 510 2469 litatem
571 2411 795 2483 qeneri
869 2409 1130 2482 afferret
1192 2411 1482 2486 humanO,
1558 2415 1626 2473 id
1691 2431 1809 2473 non
1878 2416 2009 2473 sine
2078 2414 2285 2472 divina
2355 2411 2619 2470 bonitate

280 2525 433 2582 erqa
479 2509 744 2568 homines
784 2509 933 2578 fieri
977 2509 1485 2579 arbitrabantur;
1541 2513 1747 2584 itaque
1793 2515 1916 2569 tum
1965 2512 2139 2588 illud,
2187 2510 2351 2583 quod
2395 2513 2533 2568 erat
2579 2525 2617 2567 a

282 2608 394 2666 deo
440 2613 667 2679 natum,
715 2608 952 2665 nomine
999 2608 1186 2682 ipsius
1234 2608 1345 2667 dei*
1377 2609 1832 2683 nuncupabant,
1880 2616 1948 2668 ut
1992 2625 2129 2669 cum
2168 2606 2389 2683 fruqes
2444 2606 2617 2665 Cere-

280 2721 410 2764 rem
457 2707 843 2781 appellamuS,
891 2706 1092 2763 vinum
1139 2710 1339 2765 autem
1388 2706 1689 2768 Liberum.
1706 2702 1753 2789 ¹)
1813 2707 2089 2767 Ceterum
2126 2705 2367 2783 Dionysi
2405 2721 2620 2763 nomen

282 2801 448 2862 ducit
497 2804 560 2862 Α.
610 2821 641 2861 a
692 2793 998 2862 διανύειν
1045 2795 1223 2883 (140,
1261 2798 1403 2885 29);
1459 2805 1606 2865 tales
1662 2812 1858 2865 autem
1917 2805 2341 2883 originationes
2399 2799 2621 2860 Stoico·

282 2918 417 2959 rum
464 2902 740 2979 propriae
799 2907 964 2980 sunt,
1022 2907 1172 2979 quae
1228 2901 1445 2962 multae
1503 2922 1640 2964 cum
1686 2903 1841 2981 apud
1898 2901 2043 2962 alios
2091 2909 2216 2962 tum
2263 2903 2325 2960 in
2374 2899 2623 2960 Cornuti

284 2998 358 3058 de
406 2998 654 3058 deorum
704 3007 912 3058 natura
958 2997 1112 3057 libro
1161 3010 1503 3061 occurrunt.
1594 3001 1925 3062 Permultas
1975 3001 2047 3060 de
2093 2999 2309 3059 Libero
2357 3001 2620 3059 invenies

282 3099 346 3157 in
384 3097 473 3157 Et.
504 3097 576 3158 M.
616 3096 971 3158 Artemidori
1011 3107 1206 3158 autem
1247 3099 1595 3179 etymologia
1635 3102 1697 3159 in
1735 3099 1827 3160 Et.
1864 3098 1938 3159 M.
1976 3097 2261 3158 tribuitur
2288 3096 2619 3156 Alexandro

282 3195 518 3256 cuidam
546 3193 780 3276 Thasi0,
828 3214 937 3255 nec
985 3214 1102 3255 non
1148 3197 1468 3274 praebetur
1514 3217 1547 3257 a
1585 3197 1867 3258 Cleanthe
1916 3196 2144 3257 Stoico:
2190 3195 2262 3256 cf.
2292 3195 2469 3255 Macr.
2500 3194 2618 3255 Sat.

284 3294 311 3353 1
350 3291 452 3373 18,
499 3290 603 3353 14:
667 3293 752 3352 ibi
799 3311 1034 3372 quoque
1081 3286 1422 3367 Διόνυσος
1467 3297 1771 3356 derivatur
1828 3314 1858 3355 a
1917 3289 2238 3355 διανύειν.
2330 3292 2499 3364 Quod
2555 3292 2619 3353 D.

284 3392 540 3452 eundem
596 3410 725 3451 esse
783 3399 958 3470 atque
1017 3390 1199 3453 solem
1265 3392 1375 3452 hac
1431 3413 1495 3453 re
1553 3394 2019 3473 demonstratur,
2084 3391 2153 3451 ad
2213 3391 2618 3472 etymologiam

283 3492 474 3568 ipsam
523 3488 605 3548 nil
650 3490 926 3566 pertinet.
981 3521 1056 3531 --
1115 3482 1444 3570 Τυγχάνει
1492 3484 1565 3550 δὲ
1615 3481 1968 3572 ὁἙρμῆς
2015 3481 2049 3550 ὁ
2106 3481 2306 3568 λόγος
2362 3478 2481 3567 ὢν,
2541 3480 2621 3550 ὃν

285 3581 679 3649 ἀπέστειλαν
725 3581 890 3667 πρὸς
934 3577 1108 3667 ἡμᾶς
1154 3582 1220 3661 ἐξ
1267 3579 1566 3668 οὐρανοῦ
1606 3585 1674 3650 οἱ
1705 3588 1878 3667 θεοί,
1927 3581 2139 3668 μόνον
2185 3581 2305 3649 τὸν
2353 3581 2623 3669 ἄνθρω-

286 3704 416 3747 πον
460 3683 595 3747 τῶν
653 3679 756 3745 ἐπὶ
812 3683 936 3765 γῆς
995 3679 1184 3771 ζῴων
1230 3680 1503 3769 λογικὸν
1559 3680 1955 3766 ποιήσαντες
2011 3686 2184 3747 Corn.
2224 3684 2327 3768 20,
2371 3685 2470 3749 18.
2517 3688 2622 3747 Ar-

286 3784 646 3847 temidorum
710 3802 948 3863 quoque
1012 3788 1318 3846 censuisse
1384 3778 1589 3865 λόγον
1647 3785 1717 3845 ad
1765 3785 2125 3846 Mercurium
2192 3784 2621 3865 quodammodo

286 3886 590 3963 pertinere
639 3902 710 3943 ex
759 3882 852 3943 his
899 3881 1098 3943 verbis
1148 3890 1417 3963 apparet:
1462 3875 1706 3964 Ἐρμῆς
1752 3874 2011 3963 ἀγαθὸς
2054 3891 2193 3956 τοῖς
2240 3878 2343 3943 ἐπὶ
2380 3876 2623 3961 λόγους

286 3973 716 4063 ὁρμωμένοις.
793 3977 950 4061 141,
992 3977 1090 4040 19.
1185 3981 1336 4043 Sane
1394 3982 1666 4042 facillime
1723 3981 2055 4042 Mercurius
2121 3990 2180 4042 et
2233 3978 2430 4059 λόγος
2485 3999 2622 4041 con-

471 4164 524 4233 1)
561 4161 811 4217 Annotat
839 4160 1214 4215 Schoemanm
1253 4163 1388 4218 Als‘o
1423 4180 1536 4220 nuo·
1571 4164 1971 4235 metonymisch,
2006 4163 2096 4217 die
2125 4162 2316 4217 Gaben
2349 4163 2492 4218 nach
2518 4162 2624 4218 den

289 4244 518 4300 Go'ttern
565 4244 833 4311 benannt,
885 4242 1014 4297 aber
1062 4241 1215 4296 nicht
1264 4244 1425 4299 selbst
1473 4248 1774 4315 veryo'ttert.
1848 4242 1955 4298 Sed
2006 4244 2136 4297 sunt
2182 4242 2280 4297 alii
2326 4243 2436 4297 loci
2474 4244 2623 4297 unde

286 4324 526 4394 apparet
562 4341 649 4378 res
686 4325 838 4393 ipsas
876 4321 1093 4378 divinas
1123 4340 1245 4378 esse
1273 4324 1513 4380 habitas.
1561 4323 1676 4378 Cic.
1707 4323 1758 4379 d.
1786 4341 1842 4377 n.
1872 4324 1926 4377 d.
1957 4323 1981 4375 I
2010 4326 2095 4377 38.
2133 4320 2185 4375 11
2213 4327 2306 4388 803
2345 4322 2404 4377 vi
2430 4322 2621 4392 igitur,

291 4421 436 4475 quae
473 4403 532 4458 in
577 4403 669 4456 his
707 4405 869 4458 rebus
907 4403 1076 4471 inest,
1129 4402 1362 4470 adducti
1399 4421 1487 4459 res
1533 4406 1600 4458 ut.
1646 4402 1866 4459 divinas
1914 4402 2177 4459 colebant
2215 4405 2274 4455 et
2308 4403 2623 4458 nominibus

288 4486 517 4539 deorum
556 4482 858 4550 ornabant3
904 4482 974 4538 ci.
1013 4482 1191 4539 Zeller
1235 4483 1386 4539 111a⁸
1413 4491 1533 4541 316.
