3200 5167
1463 331 1946 397 —152-

416 562 423 567 -
531 510 1023 597 καταληπτικαϊ
1066 514 1456 596 φαντασίαις
1520 513 1677 575 idem
1744 515 1869 576 fere
1933 532 2147 576 sensus
2213 508 2420 574 subest
2487 511 2681 573 verbis
2746 513 2873 573 Art:

536 614 593 696 1,
636 614 744 679 ll:
791 610 941 697 περὶ
989 599 1087 676 ὧν
1134 604 1218 675 ἄν
1266 613 1390 693 ἔχω
1436 605 1829 692 κατάληψιν.

709 713 839 774 Non
888 714 1199 792 distinguit
1245 713 1309 776 Α.
1359 729 1414 790 p.
1465 707 1620 791 177,
1659 710 1698 773 3
1746 714 1902 772 inter
1948 707 2378 791 ἐπιθυμίας
2424 720 2485 771 et
2532 702 2868 787 ὀρέξειςς

533 831 608 873 ne
665 811 882 873 Stoicis
948 812 1186 890 quidem
1251 811 1396 870 haec
1462 809 1740 870 vocabula
1809 818 2220 892 opponuntur,
2285 812 2562 888 quoniam
2619 808 2869 869 alterum

532 913 1004 991 interpretantur
1050 927 1158 989 per
1206 909 1476 989 alterum,
1521 911 1883 969 instructum
1929 907 1989 970 id
2037 908 2276 988 quidem
2324 908 2603 987 epitheto.

703 1002 1042 1125 ,Βοίλησις
1089 1014 1180 1068 est
1227 997 1504 1085 εὔλογος
1548 998 1780 1086 ὄρεξις.
1875 1009 1878 1012 ’
2172 1024 2177 1030 ·

703 1098 1065 1186 ΗΕπιθυμια
1101 1113 1192 1167 est
1234 1100 1446 1184 ὄρεξις
1484 1098 1727 1183 ἄλογος
1765 1105 1855 1165 vel
1894 1095 2177 1184 ἀπειθὴς
2205 1097 2408 1188 λόγῳ,
2448 1095 2662 1185 ὄρεξις
2689 1105 2875 1183 igitur

534 1214 626 1267 est
672 1224 879 1286 genuS,
925 1201 1247 1284 ἐπνθυμία
1294 1205 1541 1282 speeies.

710 1303 905 1364 Porro
942 1300 1086 1383 197,
1119 1300 1229 1364 13:
1270 1293 1395 1363 ὅσα
1433 1296 2061 1382 σπερματωὸέστερα
2097 1294 2210 1362 καὶ
2247 1291 2371 1362 οὐκ
2406 1294 2874 1381 ἐξειργασμένα

536 1400 605 1464 οἱ
654 1396 927 1464 παλαιοὶ
985 1395 1441 1480 συνέγραψαν,
1506 1393 1986 1481 ἐξειργασάμην
2041 1397 2136 1473 εἰς
2190 1391 2434 1479 λεπτὴν
2485 1392 2596 1459 καὶ
2651 1393 2872 1478 ἀληθῆ

536 1498 864 1580 διαίρεσιν
911 1502 971 1559 in
1020 1502 1361 1559 memoriam
1410 1498 1583 1559 nohis
1629 1506 1910 1559 revocant
1955 1496 2134 1558 verba
2172 1496 2475 1557 Ciceronis
2523 1496 2595 1556 de
2639 1495 2873 1578 Zenone

533 1609 595 1660 et
640 1598 921 1660 Cleanthe
971 1597 1215 1658 Stoicis:
1271 1598 1342 1657 de
1402 1596 1516 1661 div.
1561 1597 1588 1656 1
1627 1594 1693 1658 6:
1749 1600 1914 1674 quod
1966 1604 2024 1658 et
2070 1598 2232 1657 Zeno
2289 1600 2352 1656 in
2409 1599 2535 1657 suis
2582 1613 2874 1656 commen-

533 1701 711 1758 tariis
775 1700 956 1772 quasi
1015 1699 1245 1756 semina
1312 1699 1614 1772 quaedam
1676 1700 2000 1773 sparsisset
2061 1702 2121 1756 et
2183 1713 2257 1758 ea
2322 1696 2638 1755 Cleanthes
2688 1699 2876 1771 paulo

531 1798 821 1857 uberiora
880 1794 1145 1871 fecisset.
1192 1827 1275 1839 ——-
1321 1790 1478 1874 257,
1521 1790 1630 1854 15:
1696 1788 2027 1873 ἄσκησις
2090 1791 2430 1872 philosophi
2493 1795 2554 1852 in
2613 1792 2878 1852 Stoicum

534 1895 753 1972 optime
828 1893 1095 1972 quadrat.
1203 1891 1394 1953 Zeller
1448 1884 1599 1951 111a³
1654 1888 1757 1954 51.
1863 1885 2593 1974 προσεπισωρεύειν
2668 1887 2779 1970 20,
2836 1888 2877 1951 8

536 1991 938 2071 accumulare,
996 2009 1105 2051 vox
1164 1993 1308 2052 satis
1364 2008 1499 2050 raro
1559 2000 1898 2069 nuncupata
1954 1991 2147 2069 primo
2197 1991 2497 2051 invenitur
2543 1988 2698 2068 apud
2742 1987 2880 2067 E‘pi-

534 2097 790 2150 ctetum:
838 2088 990 2149 DisS.
1027 2089 1054 2148 1
1090 2086 1150 2150 2.
1189 2086 1290 2150 24.
1338 2089 1390 2149 11
1432 2086 1531 2151 16.
1571 2086 1674 2150 21.

710 2186 997 2247 Docuisse
1064 2186 1205 2247 mihi
1274 2187 1474 2248 videor
1538 2186 1720 2248 multa
1788 2187 2147 2248 Artemidori
2212 2195 2273 2248 et
2337 2185 2675 2248 Stoicorum
2740 2205 2880 2248 con-

535 2287 737 2346 venire
787 2285 1041 2347 decreta.
1116 2283 1389 2346 Forsitan
1428 2285 1646 2346 obiciat
1684 2285 1831 2346 mihi
1868 2288 2188 2365 quispiam:
2237 2303 2389 2365 quae
2427 2294 2492 2347 tu
2530 2293 2878 2364 argumenta

535 2384 787 2465 proferS,
834 2384 1056 2464 refut03
1104 2385 1321 2444 etenim
1371 2384 1483 2444 hoc
1534 2383 1622 2444 vel
1669 2383 1812 2444 illud
1865 2402 1980 2444 non
2030 2384 2364 2445 Stoicorum
2411 2385 2721 2464 proprium
2768 2392 2880 2464 est,

535 2483 639 2543 sed
688 2482 844 2562 apud
893 2480 1038 2541 alios
1087 2500 1322 2561 quoque
1370 2490 1568 2561 potest
1610 2481 1892 2561 indagari.
1970 2481 2154 2543 Sane!
2204 2484 2303 2544 sed
2346 2485 2560 2543 omissa
2600 2482 2673 2543 de
2711 2483 2880 2542 Arte-

538 2581 766 2642 midoro
814 2582 1182 2662 quaestione,
1228 2581 1370 2659 quid
1419 2581 1490 2641 de
1540 2580 1757 2641 Stoicis
1803 2580 2165 2642 censendum
2216 2577 2353 2641 est?
2432 2577 2631 2651 Quid?
2703 2599 2880 2660 quae·

536 2697 774 2758 cunque
811 2695 954 2757 prae
993 2696 1056 2737 se
1093 2676 1376 2758 tulerunt,
1415 2681 1611 2739 omnia
1649 2681 1766 2757 ipsi
1804 2675 2146 2739 finxerunt?
2202 2678 2460 2760 Minime,
2507 2698 2537 2739 a
2575 2678 2882 2758 prioribus

538 2774 720 2837 multa
778 2781 921 2835 sunt
965 2776 1244 2856 mutuati3
1303 2785 1369 2835 ut
1415 2775 1753 2837 Heraclitus
1797 2775 1922 2857 ille,
1979 2777 2149 2836 cuius
2198 2794 2268 2835 ex
2317 2774 2482 2852 alleg.
2530 2774 2686 2835 hom.
2734 2794 2878 2835 non-

537 2873 732 2936 nullos
779 2872 952 2932 attuli
995 2871 1186 2947 locoS,
1233 2870 1491 2934 Homero
1537 2874 1752 2934 tribuit
1796 2893 1890 2955 ea,
1942 2891 2093 2953 quae
2140 2875 2269 2951 ipse
2316 2872 2607 2954 probavit,
2669 2873 2880 2933 Home-

537 2991 698 3054 rum,
765 2979 830 3033 ut
896 2973 975 3031 ita
1041 2970 1261 3053 dicam,
1329 2973 1699 3032 stoicissasse
1769 2979 1958 3051 putat.
2050 2970 2132 3031 Cf.
2191 2969 2308 3032 Cic.
2367 2970 2422 3030 d.
2477 2989 2533 3032 n.
2591 2972 2648 3033 d.
2703 2969 2882 3033 141.

538 3070 703 3132 Vnde
766 3071 1148 3148 cognoscitur
1212 3088 1331 3130 non
1395 3070 1681 3149 puduisse
1749 3068 1981 3131 Stoicos
2045 3070 2342 3150 confiteri,
2409 3087 2534 3130 non
2601 3088 2748 3131 nova
2815 3090 2883 3131 se

540 3170 762 3248 fingere
812 3167 1041 3248 placita,
1089 3167 1193 3228 sed
1239 3169 1511 3247 proferre
1560 3188 1628 3229 ea
1675 3186 1826 3248 quae
1874 3171 1987 3229 iam
2031 3168 2133 3228 diu
2171 3168 2510 3229 valuissent.
2550 3202 2630 3210 —-
2673 3168 2882 3247 ltaque

537 3269 601 3328 in
648 3266 796 3326 alios
842 3265 951 3326 alia
1001 3265 1309 3346 quadrant,
1359 3269 1418 3326 in
1467 3266 1702 3327 Stoicos
1749 3284 1977 3327 summa
2024 3275 2200 3345 atque
2246 3265 2512 3345 plurima.

717 3364 874 3424 Neve
940 3364 1052 3424 hoc
1118 3365 1432 3444 quisquam
1489 3364 1812 3445 improbet:
1878 3382 1995 3425 non
2052 3366 2245 3425 omnia
2303 3363 2637 3425 Stoicorum
2694 3364 2883 3443 pbilo-

539 3463 905 3542 sophumena
954 3462 1198 3542 praebet
1236 3463 1359 3524 Art.
1456 3463 1519 3523 ln
1566 3464 1968 3524 onirocriticis
2014 3461 2182 3523 libris
2227 3461 2632 3542 philosophiae
2679 3461 2884 3524 nullus

539 3562 664 3621 sere
720 3561 885 3621 locus
942 3562 1133 3622 datur.
1227 3560 1428 3640 ltaque
1485 3580 1624 3622 cum
1678 3568 2009 3639 congruant
2062 3570 2182 3621 tam
2228 3560 2412 3622 multa
2459 3579 2595 3621 cum
2642 3559 2882 3642 Stoicis,

540 3658 686 3720 nihil
738 3709 750 3718 .
838 3678 860 3720 3
906 3670 1148 3740 pugnet,
1195 3661 1306 3720 hoc
1353 3659 1672 3721 concludo:

716 3756 840 3817 Art.
911 3759 1144 3818 etiamsi
1208 3776 1325 3818 non
1392 3760 1493 3818 uni
1561 3757 1968 3836 philosophiae
2033 3765 2222 3818 totum
2291 3776 2355 3818 se
2420 3758 2607 3838 dedit,
2680 3767 2883 3819 tamen

540 3854 1026 3935 philosophorum
1075 3855 1383 3936 disciplina
1431 3856 1697 3916 imbutus
1737 3863 1797 3915 et
1835 3856 2170 3916 Stoicorum
2211 3857 2580 3934 potissimum
2619 3856 2886 3918 decretis

539 3956 872 4016 instructus
918 3965 1024 4016 est.
