3200 5167
1219 390 1701 453 -137—

302 575 523 654 tietate,
570 572 689 632 cibi
726 573 938 650 inopia.
985 569 1126 653 199,
1150 569 1258 634 16:
1303 593 1377 633 το
1427 563 1548 652 μὲν
1589 562 1976 651 ἀσήμαντον
2013 564 2125 631 καὶ
2163 563 2443 644 οὐδενος
2479 587 2632 652 προ·

298 663 730 752 αγορευτικὸν
778 661 926 732 ἀλλ’
980 667 1051 731 ἐν
1099 664 1284 754 μόνῳ
1332 667 1421 754 τῷ
1469 659 1660 753 ὕπνῳ
1689 661 1812 749 την
1873 661 2164 749 δύναμιν
2212 667 2396 750 ἔχον,
2453 661 2633 748 γινό-

297 790 502 849 μενον
571 762 645 831 δὲ
710 764 776 843 ἐξ
841 764 1194 849 ἐπιθυμίας
1267 761 1520 848 ἀλόγου
1593 758 1634 846 ἢ
1699 757 2238 846 ὑπερβάλλοντος
2300 759 2523 847 φόβου
2587 757 2628 846 ἢ

296 865 681 949 πλησμονῆς
726 856 766 947 ἢ
817 862 1103 946 ἐνδείας,
1182 860 1503 929 ἐνύπνιον
1556 858 1682 948 χρη
1744 866 1988 927 καλεῖν.
2008 858 2060 948 1)
2154 864 2315 935 Quae
2363 883 2498 925 cum
2558 867 2638 925 ita

299 970 434 1048 sint,
482 969 709 1028 strenui
759 968 868 1026 viri
915 974 975 1026 et
1014 968 1118 1046 qui
1155 985 1293 1027 sana
1332 968 1562 1026 ratione
1605 967 1781 1026 vitam
1821 966 2144 1025 instituunt
2181 963 2397 1025 talibus
2435 973 2639 1025 carent

302 1062 433 1126 200
489 1060 548 1125 3.

431 1112 449 1146 '
476 1161 671 1223 Altera
738 1165 967 1240 species
1033 1166 1398 1223 somniorum
1466 1163 1758 1241 significat
1818 1163 2018 1222 futura
2088 1194 2163 1204 --
2238 1154 2635 1242 σημαντικός

299 1257 436 1322 ε’στι
482 1258 617 1321 τῶν
664 1254 1048 1340 μελλόντων
1094 1259 1155 1343 3,
1184 1259 1224 1323 6
1278 1296 1353 1304 -
1408 1263 1922 1340 somniantemque
1974 1269 2306 1321 commovet.
2348 1269 2416 1322 ut
2461 1262 2637 1321 faciat

298 1377 447 1438 quae
496 1358 611 1419 sibi
658 1350 1242 1441 significentu1.(‹3
1303 1353 1377 1420 δὲ
1434 1351 1695 1441 όνειρος
1756 1350 2078 1420 ἐνύπνιόν
2124 1377 2192 1419 τε
2240 1380 2336 1420 ων
2384 1355 2643 1441 ἐνεργεῖ

296 1448 481 1536 ἂγων
536 1455 628 1529 εἰς
691 1452 1033 1519 ἐπίστασιν
1089 1450 1634 1537 προαγορεύσεως
1688 1454 1824 1518 τῶν
1883 1448 2264 1537 μελλόντων
2321 1451 2425 1518 καὶ
2487 1448 2631 1537 μεθ’

294 1546 512 1616 ὕπνον
549 1551 857 1669 ἐνεργεῖς
913 1548 1176 1635 ἐπάγων
1236 1548 1352 1628 τὰς
1401 1546 1801 1636 ἐγχειρήσεις
1857 1551 2135 1634 ἐγείρειν
2192 1575 2261 1616 τε
2307 1549 2415 1616 καὶ
2464 1544 2634 1634 ὀρεί-

293 1674 440 1715 νειν
484 1644 618 1738 τὴν
673 1644 896 1733 ψυχὴν
951 1647 1232 1746 πέφυκε,
1303 1645 1413 1715 διὰ
1469 1652 1675 1715 ταῦτα
1728 1647 1839 1715 καὶ
1892 1650 2014 1715 τοῦ
2071 1643 2402 1735 ὀνόματος
2458 1644 2633 1737 αὐτῳ

294 1747 604 1824 τεθέντος
667 1748 737 1832 4,
779 1749 958 1831 lsq.
1053 1748 1273 1834 .199,
1308 1750 1418 1824 19:
1481 1749 1819 1832 καλοῦμεν
2007 1744 2082 1813 τὸ
2146 1745 2221 1813 δὲ
2284 1748 2443 1833 μετὰ
2518 1743 2635 1813 τὸν

295 1842 517 1912 ὕπνον
574 1842 899 1932 ἐυεργὲςῖ)
968 1840 1048 1911 ὂν
1103 1846 1216 1912 καὶ
1277 1843 1791 1930 ἀποβησόμενον
1858 1848 1953 1924 εἰς
2009 1841 2274 1931 ἀγαθὸν
2337 1872 2377 1931 η
2432 1847 2638 1912 κακὸν

297 1968 580 2030 ονειρον.
633 1981 709 1991 -
752 1940 1041 2031 ’Όνειροι
1108 1952 1290 2029 igitur
1354 1960 1489 2029 post
1568 1967 1842 2010 somnum
1908 1968 2144 2028 quoque
2209 1951 2435 2027 vigent:
2500 1957 2639 2009 sunt

297 2056 492 2108 autem
559 2048 649 2108 vel
714 2048 1149 2109 theorematica
1200 2049 1291 2110 vel
1358 2049 1672 2127 allegorica
1731 2041 1815 2129 (p.
1873 2042 2044 2127 136).
2154 2047 2430 2108 Ceterum
2498 2051 2639 2107 satis

300 2146 477 2206 habet
523 2147 586 2206 A.
636 2147 987 2207 confirmare
1048 2165 1178 2208 esse
1227 2148 1645 2208 divinationem
1703 2148 1766 2205 in
1814 2147 2086 2226 somniiS,
2146 2164 2383 2207 causam
2430 2147 2639 2207 afferre

300 2246 506 2323 nequit
553 2236 620 2328 (l.
658 2243 733 2303 IV
771 2263 894 2323 cap.
935 2242 1048 2306 20:
1094 2237 1305 2307 πολλὰ
1352 2238 1481 2326 γὰρ
1530 2234 1885 2322 ἀποβαίνει
1932 2247 2226 2324 συνεχῶς
2282 2240 2484 2317 ἐνίοις
2528 2238 2638 2305 καὶ

300 2335 400 2403 ’ὄτι
456 2334 578 2422 μὲν
628 2332 792 2403 κατὰ
851 2335 1058 2423 λόγον
1116 2335 1466 2422 ἀποβαίνει
1525 2344 1717 2421 ἴσμεν
1764 2337 1833 2403 ε’κ
1887 2345 2010 2403 τοῦ
2065 2335 2348 2412 πάντοτε
2396 2332 2641 2422 ὁμοίως

301 2431 719 2520 ἀποβαίνειν·
774 2432 890 2514 τὰς
939 2434 1012 2503 δὲ
1059 2440 1291 2521 αἰτίας,
1339 2433 1425 2502 δι’
1485 2430 1564 2513 ἃς
1612 2431 1824 2513 οὕτως
1871 2430 2239 2520 ἀποβαίνει,
2290 2433 2506 2521 εὑρεῖν
2555 2432 2639 2500 οὐ

301 2529 657 2619 δυνάμεθα
703 2535 852 2620 212,
894 2532 981 2623 7).
1149 2549 1154 2554 ’

474 2636 644 2697 Nunc
703 2639 979 2716 quoniam
1035 2638 1395 2699 Artemidori
1447 2638 1660 2717 placita
1722 2639 1995 2718 exposui,
2054 2656 2189 2697 cum
2241 2636 2456 2699 Stoicis
2504 2656 2639 2698 con-

302 2737 500 2817 feram,
549 2735 903 2815 quibuscum
951 2736 1202 2797 multum
1250 2738 1627 2797 conveniunt.

478 2826 769 2916 Πλάσιν,
827 2853 1000 2913 quam
1060 2843 1230 2895 vocat
1284 2835 1376 2915 A„
1435 2835 1681 2895 eandem
1740 2835 1864 2894 fere
1923 2852 2053 2894 esse
2111 2842 2253 2913 puto
2302 2842 2478 2914 atque
2535 2829 2638 2895 τύ-

295 2946 543 3010 πωσιν,
603 2950 750 3012 quae
817 2935 977 2992 notio
1036 2935 1338 2994 invehitur
1393 2935 1455 2993 in
1511 2932 1849 2993 Stoicorum
1905 2931 2090 2993 libris,
2186 2932 2418 2993 Etenim
2484 2933 2640 2992 Zeno

299 3033 487 3091 visum
554 3032 783 3091 dixerat
848 3032 1301 3110 impressionem
1316 3024 1368 3114 ³)
1433 3033 1495 3090 in
1561 3032 1753 3090 anima
1806 3062 1881 3073 —
1943 3020 2243 3091 τύπωσιν
2310 3025 2382 3091 ἐν
2445 3027 2641 3111 ψυχῇ.

298 3130 460 3208 Diog.
506 3129 569 3189 L.
621 3128 721 3196 VII
772 3126 885 3211 453
960 3131 1117 3208 quod
1183 3131 1416 3208 excepit
1474 3129 1789 3191 Cleanthes
1855 3131 1957 3208 qui
2020 3128 2276 3188 credidit
2335 3148 2462 3189 eam
2529 3122 2641 3188 τύ-
2748 3209 2753 3214 .

294 3239 511 3288 πωσιν
548 3245 680 3287 esse
721 3230 889 3306 quasi
926 3230 1376 3306 impressionem
1417 3227 1579 3288 anuli
1618 3247 1787 3289 cerae
1835 3227 2113 3305 impressi
2161 3221 2314 3306 (Κλ.
2353 3218 2474 3305 μὲν
2510 3218 2639 3305 γὰρ

296 3317 540 3403 ἤκουσε
595 3318 719 3403 τὴν
777 3317 1077 3386 τύπωσιν
1138 3317 1300 3386 κατὰ
1353 3318 1624 3405 εἰσοχήν
1680 3346 1750 3387 τε
1804 3317 1912 3385 καὶ
1970 3315 2201 3403 ἐξοχὴν
2259 3316 2476 3403 ὥσπερ
2532 3320 2640 3385 καὶ

295 3416 408 3482 διὰ
459 3418 593 3483 τῶν
651 3419 1023 3483 δακτυλίων
1082 3417 1444 3503 γινομένην
1500 3427 1625 3485 τοῖ’
1676 3418 1888 3504 κηροῦ
1953 3413 2309 3502 τύπωσιν);
2374 3431 2639 3483 ceterum

295 3523 546 3582 recessit
592 3521 663 3581 ab
713 3523 798 3581 eis
850 3521 1247 3601 Chrvsippus:
1294 3522 1629 3601 φαντασία
1678 3514 1859 3582 ἐστὶν
1921 3515 2293 3597 ἑτεροίωσις
2337 3518 2569 3601 ψυχῆς.

478 3650 530 3716 1)
569 3646 762 3702 Simile
812 3649 898 3702 est
944 3649 1220 3718 placitum
1257 3647 1512 3703 Platonis
1554 3653 1631 3718 (p.
1678 3651 1804 3718 114)
1842 3649 1900 3702 et
1938 3646 2241 3701 Clementis
2279 3645 2641 3702 Alexand1ini

293 3727 457 3798 paed.
502 3733 587 3781 82.

473 3809 529 3878 2)
559 3808 808 3862 Hercher
835 3806 1060 3878 scripsit
1088 3804 1321 3878 ἐναργές
1344 3813 1772 3879 (perspicuum);
1805 3807 1946 3864 mihi
1969 3808 2150 3877 magis
2171 3806 2381 3861 arridet
2400 3807 2641 3882 Lauren—

295 3888 442 3943 tiani
481 3887 687 3943 codicis
724 3886 896 3942 lectio
937 3884 1188 3959 ἔνεργέςς
1237 3906 1367 3943 nam
1416 3890 1604 3961 priore
1653 3891 1776 3945 loco
1816 3896 1877 3957 4,
1909 3896 1935 3943 1
1959 3906 2041 3957 sq.
2091 3890 2448 3957 opponuntur
2492 3887 2643 3942 inter

296 3986 358 4024 se
396 3963 654 4036 ἐνύπνια,
695 3984 840 4037 quae
879 3968 1058 4023 solum
1096 3970 1154 4024 in
1193 3971 1522 4026 somniando
1560 3971 1757 4038 vigent
1795 3972 1853 4023 ei:
1885 3965 2114 4038 ὄνειροι,
2145 3985 2379 4037 quorum
2411 3967 2495 4022 vis
2523 3967 2642 4021 diu-

298 4049 414 4105 tius
451 4049 658 4118 pollet3
696 4052 754 4104 et
789 4050 877 4103 ter
914 4049 1094 4103 utitur
1132 4052 1196 4104 A.
1235 4067 1371 4106 voce
1412 4047 1685 4121 ἐνεργεῖν.
1761 4048 1867 4103 Hic
1900 4049 2093 4103 eadem
2133 4048 2308 4103 habet
2343 4064 2551 4116 genera
2578 4064 2643 4101 ao

295 4131 637 4200 respondent
681 4129 829 4185 inter
878 4144 937 4183 se
1000 4124 1270 4185 ἐνύπνιον
1328 4127 1655 4202 ἀσήμαντον
1712 4130 1810 4187 καὶ
1866 4126 2104 4192 οὐδενὸς
2158 4128 2642 4197 προαγορευτικὸν

294 4206 418 4266 ἀλλ’
460 4205 521 4265 ἐν
550 4210 703 4284 μόνῳ
741 4211 817 4284 τῷ
857 4205 1018 4284 ὕπνῳ
1053 4207 1157 4280 τὴν
1191 4212 1438 4283 δύναμιν
1471 4210 1599 4282 ἔχον
1631 4213 1690 4267 eb
1719 4208 1938 4281 ὄνειρος
1968 4255 1980 4267 .
2012 4251 2024 4263 .
2058 4254 2069 4265 .
2110 4204 2334 4278 ἔνεργὲς
2369 4209 2467 4262 καὶ
2503 4203 2643 4263 ἀπο-

296 4287 624 4364 βησόμενον.
704 4290 898 4359 Neque
936 4291 1085 4345 enim
1125 4292 1232 4346 hoc
1273 4292 1382 4346 sibi
1419 4292 1545 4347 vult
1583 4287 1938 4361 ἀσήμαντον,
1977 4307 2087 4345 non
2124 4288 2486 4343 manifestum
2523 4305 2643 4342 esse

294 4370 636 4425 insomnium
663 4398 729 4409 ——
762 4369 852 4422 cui
886 4367 1103 4423 notioni
1141 4370 1353 4439 optime
1393 4374 1770 4443 opponeretur
1821 4367 2055 4441 ἐναργές
2092 4369 2184 4439 (cf.
2225 4369 2456 4422 Lucian.
2496 4386 2637 4423 som·

292 4452 447 4505 nium
485 4467 605 4520 cap.
639 4451 696 4519 5)
730 4481 791 4489 —
832 4450 929 4504 sed
966 4449 1108 4504 nihil
1147 4450 1479 4519 significare.

474 4532 529 4599 3)
566 4529 635 4585 ef.
674 4530 837 4584 Plato
876 4530 1105 4585 Theaet.
1159 4537 1253 4585 191
1269 4530 1324 4586 C.
1400 4531 1585 4586 Zeller
1621 4531 1776 4586 111a⁸
1814 4536 1900 4599 72,
1931 4537 1979 4585 3.
