3200 5167
109 0 176 155 Ι

1232 330 1721 395 —151—

306 516 356 574 si
407 516 734 575 miscentur
782 512 946 574 fabae
995 531 1128 574 cum
1176 514 1376 575 tritico
1415 505 1813 597 (παράθεσις
1859 521 1951 574 est
1997 505 2322 594 σωμάτων
2370 503 2637 592 συναφὴ

303 602 467 673 κατὰ
541 605 659 685 τὰς
735 605 1168 697 ἐπιφανείας).
1267 597 1336 671 ‘ln
1408 603 1642 693 κράσει
1714 619 1908 672 autem
1988 619 2053 672 ut
2122 621 2390 690 permeat
2457 609 2637 671 altera

304 709 565 791 alteram,
612 717 809 772 tamen
855 710 1038 771 dividi
1083 720 1260 790 atque
1307 708 1525 771 resolvi
1559 717 1831 791 possunt,
1878 710 2154 789 quoniam
2196 727 2331 771 suas
2370 728 2639 789 quaeque

305 812 550 870 materia
607 808 919 888 qualitates
975 809 1131 870 haud
1191 810 1410 870 amittit
1462 799 1636 894 (δύοι
1675 796 1717 888 ἢ
1772 802 1881 870 καὶ
1932 799 2268 869 πλειόνων
2314 799 2639 888 σωμάτων

305 897 851 986 ἄντιπαρέκτασις
915 898 1004 968 δι’
1076 898 1291 987 ὅλων,
1354 898 1838 985 ὑπομενουσῶν
1900 909 2038 967 τῶν
2103 906 2434 985 συμφυῶν
2488 899 2637 986 περὶ

305 996 473 1066 αὐτὰ
517 999 931 1091 ποιοτήτων).
1022 1006 1086 1067 Id
1112 997 1251 1067 'non
1300 1005 1460 1066 cadit
1503 1006 1565 1064 in
1614 995 1955 1085 σύγχυσιν,
2002 1023 2117 1084 qua
2165 1003 2310 1064 adeo
2360 1004 2635 1070 materiae

304 1103 484 1164 altera
531 1106 593 1163 in
640 1102 883 1163 alteram
930 1110 1261 1186 transeunt,
1305 1107 1690 1166 ut'naturam
1737 1122 1903 1165 suam
1941 1102 2229 1166 abiectam
2269 1101 2360 1164 vel
2396 1104 2634 1163 mixtam

264 1221 271 1230 ·
304 1220 439 1262 cum
487 1200 667 1262 altera
716 1201 1079 1262 resolutione
1124 1203 1392 1282 recipere
1432 1222 1549 1264 non
1586 1204 1836 1283 possint,
1883 1210 2088 1263 contra
2125 1219 2272 1262 nova
2310 1201 2501 1280 aliqua
2540 1219 2636 1261 res

303 1308 430 1359 orta
497 1307 589 1360 est
652 1300 936 1361 mixtura:
1002 1292 1340 1380 Σύγχυσις
1405 1293 1530 1362 δύο
1594 1290 1636 1380 ἢ
1702 1295 1811 1361 καὶ
1876 1293 2209 1362 πλειόνων
2264 1294 2634 1379 ποιοτήτων

301 1392 451 1479 περὶ
524 1388 603 1458 τὰ
678 1390 947 1477 σώματα
1021 1390 1348 1479 μεταβολὴ
1416 1396 1511 1472 εἰς
1575 1393 1800 1477 ἑτέρας
1863 1391 2316 1481 διαφερούσης
2377 1391 2635 1460 τούτων

301 1486 650 1574 ποιότητος
714 1490 996 1574 γε’νεσιν.
1050 1528 1140 1539 -
1201 1495 1362 1566 Quae
1429 1498 1803 1558 conferamus
1868 1515 2003 1559 cum
2070 1497 2427 1558 Artemidori
2489 1516 2631 1556 non·

298 1592 474 1653 nullis
519 1592 692 1654 locis:

475 1688 623 1772 206,
665 1688 773 1754 15:
832 1690 922 1777 τῷ
978 1689 1183 1773 γῆμαι
1229 1687 1338 1754 καὶ
1383 1688 1792 1773 κοινωνῆσαι
1839 1687 2147 1755 ἐθέλοντι
2192 1685 2478 1774 ἄμπελος
2522 1688 2629 1753 καὶ

297 1781 510 1868 οἶνος,
574 1779 614 1870 ἡ
682 1783 806 1870 μὲν
864 1785 975 1851 διὰ
1025 1783 1183 1864 τοὺς
1240 1787 1457 1863 ἕλικας
1514 1782 1550 1851 ὁ
1610 1784 1683 1851 δὲ
1741 1783 1853 1851 διὰ
1906 1783 2030 1871 τὴν
2087 1789 2356 1872 κρᾶσιν,
2424 1787 2631 1870 ἐπιτη-

300 1880 599 1970 δειότερα
644 1884 877 1970 πυρῶν
924 1878 964 1967 ἢ
1012 1891 1291 1970 κριθῶν.
1373 1887 1571 1961 Quid?
1618 1890 1730 1950 hoc
1777 1889 1905 1950 loco
1955 1908 2148 1951 nonne
2198 1888 2403 1951 eodem
2452 1908 2629 1951 sensu

298 1994 604 2067 nuncupat
657 1982 895 2066 κρᾶσιν
952 1994 1127 2066 atque
1181 1985 1409 2049 Stoici?
1463 2006 1661 2049 nonne
1710 1990 1828 2048 vini
1875 2006 2181 2069 aquaeque
2230 1992 2482 2050 mixtura
2529 2008 2628 2068 op-

295 2086 540 2163 ponitur
611 2082 819 2143 hordei
891 2091 1068 2163 atque
1143 2083 1375 2147 tritici?
1463 2086 1708 2147 Accedit
1782 2086 1939 2165 quod
2014 2086 2322 2166 Antipater
2394 2106 2631 2167 quoque

238 2173 249 2184 ⁶
298 2182 622 2243 conubium
668 2182 901 2241 confert
946 2201 1084 2243 cum
1127 2175 1384 2262 κράσει3
1436 2183 1598 2245 Stob.
1646 2183 1774 2246 flor.
1814 2181 1916 2264 67,
1945 2180 2049 2245 25.
2123 2185 2426 2245 Amicitiae
2475 2186 2630 2244 enim

297 2289 532 2342 ceterae
596 2280 1022 2360 comparandae
1087 2290 1229 2343 sunt
1288 2290 1432 2356 ταῖς
1489 2285 1628 2344 τῶν
1685 2271 1985 2359 ὀσπρίων
2038 2273 2202 2343 κατὰ
2257 2273 2372 2356 τὰς
2424 2294 2630 2361 παρα-

295 2375 519 2453 θέσεις
582 2373 873 2460 μίξεσιν,
939 2382 1192 2441 amicitia
1257 2390 1455 2443 autem
1519 2384 1678 2442 inter
1741 2382 2023 2459 coniuges
2086 2387 2230 2453 ταῖς
2294 2372 2382 2442 δι’
2456 2373 2630 2442 ὅλων

294 2471 635 2557 κράσεσιν,
683 2467 771 2550 ὦς
819 2467 1004 2550 οἶνος
1047 2468 1243 2542 ὕδατι
1287 2473 1396 2540 καὶ
1442 2477 1641 2541 τοῦτο
1689 2473 1900 2559 μέλιτι
1945 2479 2244 2560 μίσγεται
2294 2470 2384 2540 δι’
2438 2471 2631 2542 ὅλων.

296 2578 516 2639 Eadem
564 2584 761 2638 autem
808 2580 1168 2656 comparatio
1215 2597 1286 2638 ex
1335 2579 1693 2639 Artemidori
1737 2577 1867 2638 loco
1915 2579 2092 2638 citato
2140 2586 2400 2657 apparet.

479 2673 622 2758 182,
661 2672 771 2737 22:
819 2668 1109 2755 συνεργὰ
1160 2669 1235 2738 δὲ
1277 2667 1357 2740 τὰ
1405 2674 1500 2750 εἰς
1544 2667 1729 2757 ὑφὴν
1778 2673 1967 2737 ἱστοῦ
2001 2669 2630 2757 παρασκευαζόμενα

295 2765 543 2847 πολλὰς
598 2771 960 2855 φροντίδας
1015 2767 1126 2834 καὶ
1182 2766 1505 2855 σύγχυσιν
1552 2767 1960 2855 πραγμάτων
2007 2773 2312 2854 σημαίνει
2360 2764 2457 2837 ὧν
2508 2768 2633 2852 ὀψὲ

292 2866 404 2935 καὶ
460 2865 650 2953 μόλις
705 2870 886 2933 ἔσται
942 2864 1305 2956 διάκρισις·
1373 2869 1496 2946 ἕως
1549 2865 1673 2953 μὲν
1732 2865 1861 2952 γάρ
1910 2867 2049 2934 ἐστι
2096 2870 2418 2955 συνεργοὶ,
2476 2887 2633 2954 συγ-

292 2966 559 3052 κέχυται
629 2964 739 3031 καὶ
811 2961 1166 3054 ἆδιάκριτά
1238 2967 1434 3034 ἐστιν.
1526 2970 1611 3031 De
1684 2973 1809 3050 iugi
1880 2969 1995 3031 filis
2059 2980 2364 3050 nuncupat
2428 2991 2631 3033 vocem

295 3061 636 3152 σύγχυσις;
693 3076 754 3129 et
807 3068 865 3129 id
925 3070 1081 3148 quod
1131 3089 1313 3151 supra
1358 3070 1842 3149 commemoravi,
1889 3068 1985 3129 hic
2035 3088 2270 3148 quoque
2320 3070 2491 3131 nobis
2538 3091 2629 3132 oc·

297 3171 512 3229 currit:
551 3186 702 3247 quae
741 3167 1017 3248 synchysi
1054 3172 1369 3231 commixta
1408 3175 1566 3250 sunt,
1613 3165 1759 3227 solvi
1802 3185 1920 3227 non
1959 3177 2209 3245 possunt
2247 3160 2631 3252 (ἄδιάκριτοὲ

298 3260 529 3347 ἐστιν).
572 3300 659 3310 ——
704 3265 828 3326 Vox
874 3265 1247 3346 μίγνυσθαι
1292 3267 1471 3328 habet
1515 3284 1760 3327 sensum
1807 3266 2078 3326 coeundi.

453 3356 882 3438 ’Ένστασις
929 3372 1021 3425 est
1067 3368 1389 3448 instituti03
1441 3366 1817 3445 potissimum
1866 3364 1938 3425 de
1985 3364 2252 3425 moribus
2300 3365 2631 3427 adhibetur.

294 3462 546 3542 Epictet.
594 3462 735 3523 diss
783 3461 862 3522 111
900 3460 1015 3545 22,
1056 3460 1165 3525 19:
1219 3468 1486 3547 πρῶτον
1544 3445 1668 3524 οὖν
1715 3453 1788 3522 τὸ
1839 3452 2241 3542 ἡγεμονικόν
2288 3475 2361 3524 σε
2410 3461 2517 3525 δεῖ
2557 3454 2631 3524 τὸ

295 3557 544 3623 σαυτοῦ
608 3552 914 3641 καθαρὸν
979 3557 1251 3642 ποιῆσαι
1314 3556 1425 3623 καὶ
1489 3552 1616 3641 τὴν
1683 3559 1994 3621 ἔνστασιν
2053 3552 2317 3640 ταύτην.
2409 3562 2631 3623 Artem.

294 3656 446 3739 200,
483 3656 550 3720 33
597 3656 902 3731 ἔνστασις
948 3652 1169 3741 ἀγαθὴ
1216 3655 1328 3724 καὶ
1375 3652 1855 3741 εὐπροαίρετος.

474 3756 787 3818 Hominem
843 3766 1011 3818 vocat
1066 3758 1141 3819 M.
1196 3760 1472 3822 Aurelius
1518 3758 1599 3818 IX
1642 3756 1749 3820 16:
1829 3754 2025 3832 ζῶον
2088 3750 2442 3837 λογικὸν3
2511 3748 2631 3819 οὐκ

295 3852 369 3916 ἐν
416 3853 629 3916 πείσει
676 3845 822 3916 ἀλλ’
877 3850 1174 3940 ἐνεργείᾳ
1219 3850 1293 3919 τὸ
1339 3855 1461 3919 τοῦ
1509 3853 1786 3936 λογικοῦ
1833 3853 2180 3917 πολιτικοῦ
2218 3850 2387 3930 ζώου
2424 3849 2631 3917 κακὸν

292 3946 405 4015 καὶ
461 3942 743 4033 ἀγαθόν.
835 3951 965 4013 v111
1004 3950 1116 4016 35:
1171 3947 1246 4017 τὸ
1309 3947 1582 4036 λογικὸν
1632 3952 1801 4030 ζῶον
1852 3946 2133 4015 δύναται
2177 3957 2314 4015 πᾶν
2359 3947 2631 4035 κώλυμα

291 4043 464 4132 ὕλην
505 4046 747 4113 ἑαυτοῦ
783 4059 1002 4113 ποιεῖν
1038 4047 1150 4114 καὶ
1188 4057 1480 4136 χρῆσθαι
1512 4042 1716 4138 αὐτῷ,
1755 4041 1860 4131 ἐφ’
1894 4038 2042 4114 οἷον
2080 4040 2166 4112 ἄν
2203 4045 2313 4112 καὶ
2352 4041 2631 4134 ὁρμήσῃ.

294 4150 420 4210 Art.
460 4146 616 4232 211,
654 4146 740 4211 20
802 4148 1102 4211 hominem
1160 4159 1434 4213 numerat
1487 4152 1549 4211 in
1609 4143 1798 4226 ζώοις
1843 4152 2152 4239 λογικοῖς.
2234 4149 2321 4212 Cf.
2366 4149 2560 4228 Epict.
2607 4149 2634 4208 1

295 4244 355 4329 6,
395 4243 497 4310 12.
542 4248 569 4307 1
605 4244 665 4327 9,
702 4244 745 4307 4
792 4250 1042 4327 saepius,

472 4336 908 4425 κατάληψις
964 4353 1056 4406 est
1101 4349 1388 4427 cognitio,
1433 4350 1769 4427 perceptio,
1816 4344 2284 4425 comprehensio.
2378 4344 2499 4406 Cic.
2546 4364 2633 4406 ac.

294 4461 386 4522 pr.
430 4441 484 4503 11
527 4439 624 4505 17.
678 4438 803 4506 145
850 4443 924 4503 de
972 4443 1071 4504 fin.
1110 4443 1189 4503 ΙΙΙ
1231 4442 1341 4527 17;
1398 4443 1600 4506 multis
1656 4444 1804 4506 locis
1859 4444 2017 4523 apud
2062 4443 2403 4523 Epictetum
2450 4442 2632 4503 habes
