3200 5167
1232 379 1712 441 —121—

299 552 425 638 κήν
477 551 652 621 εἶναι
714 553 1060 621 δεικνύναι
1117 553 1452 638 βούλεται·
1516 555 1593 622 τὸ
1651 554 1726 621 δὲ
1782 552 1954 622 εἶναι
2011 552 2334 642 μαντικὴν
2383 550 2507 621 οὐκ
2556 550 2641 621 ἂν

301 650 516 733 ἄλλως
552 651 900 734 ἀποδεῖξαι
938 652 1236 736 δύναιτο,
1284 656 1345 719 εἰ
1380 648 1469 738 μὴ
1509 654 1836 738 προλάβοι
1870 653 1946 721 τὸ
1987 653 2203 721 πάντα
2250 660 2642 741 συμβαίνειν

299 753 455 818 καθ’
508 753 934 840 εἱμαρμένην.

478 856 625 916 Item
675 856 1003 936 Sphaeri,
1064 856 1315 917 Zenonis
1372 864 1548 935 atque
1598 855 1899 917 Cleanthis
1948 857 2222 935 discipuli
2305 851 2401 939 (D.
2437 857 2502 917 L.
2543 856 2643 917 Vll

305 951 439 1033 37),
477 955 734 1015 traditur
773 953 983 1014 titulus
1019 953 1158 1014 libri
1194 949 1343 1034 περὶ
1381 951 1700 1033 μαντικῆς
1745 973 1855 1014 nec
1903 973 2021 1014 non
2062 954 2404 1033 Diogenis
2443 955 2644 1016 Seleu-

305 1055 502 1113 censis
550 1055 673 1114 sive
721 1053 1026 1131 Babylonii
1073 1060 1572 1113 commemoratur
1620 1071 1770 1130 opus
1825 1047 1976 1130 περὶ
2022 1049 2357 1133 μαντικῆς.
2404 1053 2477 1113 cf.
2525 1052 2642 1113 Cic.

232 1181 236 1190 ·
301 1150 356 1210 d.
405 1151 459 1211 d.
506 1150 532 1210 Ι
578 1149 638 1212 6.
738 1151 1020 1230 Boethi,
1086 1154 1189 1231 qui
1260 1152 1373 1211 fuit
1448 1152 1727 1230 Diogenis
1801 1151 2129 1230 discipulus
2203 1145 2423 1232 (Zeller
2470 1151 2547 1211 111
2588 1145 2648 1211 a3

299 1246 404 1328 46,
446 1242 516 1332 1)
573 1257 806 1310 exstant
861 1249 1015 1328 apud
1065 1249 1226 1327 Diog.
1278 1250 1340 1309 L.
1382 1249 1482 1308 Vll
1524 1246 1649 1310 148
1682 1268 1766 1328 sq.
1833 1251 2254 1328 inscriptiones
2312 1266 2375 1310 π.
2423 1245 2646 1327 εἱμαρ-

299 1342 522 1427 μένης,
569 1365 631 1406 π.
680 1339 969 1426 φύσεως;
1026 1365 1206 1406 unum
1256 1350 1632 1425 potissimum
1682 1366 1869 1426 genus
1917 1347 2293 1407 divinationis
2341 1347 2646 1426 amplexus

302 1455 420 1506 est:
467 1445 791 1525 quaerebat
836 1447 1104 1523 maxime,
1146 1447 1246 1524 qui
1284 1446 1674 1506 cohaererent
1710 1448 2087 1525 prognostica
2127 1464 2262 1506 cum
2310 1445 2491 1505 rebus
2530 1448 2642 1523 sig·

302 1545 572 1603 nificatiS.
622 1536 772 1627 (Cic.
813 1543 884 1603 de
924 1544 1036 1603 div.
1076 1542 1101 1602 Ι
1144 1540 1241 1605 13.
1290 1543 1338 1603 11
1377 1537 1513 1626 47.)

479 1642 777 1702 Secuntur
815 1643 1140 1723 Antipater,
1188 1641 1520 1716 Panaetius,
1567 1642 1940 1702 Posidonius
2033 1642 2416 1722 Antipater
2464 1645 2650 1721 scrip-

300 1741 378 1800 sit
441 1740 591 1800 duos
658 1740 732 1800 de
799 1739 1155 1800 divinatione
1222 1740 1432 1818 libroS,
1499 1740 1717 1818 quibus
1783 1740 1965 1801 multa
2041 1739 2349 1818 collegisse
2417 1740 2649 1800 videtur

301 1841 554 1918 somnia3
603 1837 722 1899 Cic.
762 1838 817 1898 d.
856 1838 911 1900 d.
950 1838 975 1898 Ι
1014 1836 1070 1898 6.
1120 1838 1144 1897 1
1182 1836 1283 1900 39.
1332 1838 1356 1897 1
1399 1835 1541 1899 123.
1590 1838 1641 1897 ll
1684 1837 1827 1899 144.
1895 1838 2280 1899 Consensisse
2320 1858 2453 1898 cum
2495 1845 2649 1898 cete-

303 1954 507 1995 rorum
538 1938 853 1996 sententiis
885 1935 1221 1996 Stoicorum
1256 1936 1489 1996 videtur
1520 1955 1592 1996 ex
1621 1935 1769 1997 locis
1790 1937 2194 1997 Ciceronianis
2226 1934 2400 1997 1135.
2430 1934 2650 1998 11101.

477 2035 751 2114 Quinque
818 2034 1001 2094 libros
1067 2034 1253 2095 edidit
1316 2034 1776 2117 Posidonius;
1851 2054 1920 2096 ex
1997 2035 2114 2095 illis
2178 2045 2375 2095 autem
2441 2034 2649 2095 Cicero

303 2135 611 2194 maximam
671 2134 888 2213 prioris
934 2132 1074 2193 libri
1130 2140 1359 2211 partem
1416 2134 1789 2212 conscripsit.
1884 2133 2136 2194 Schiche
2184 2133 2444 2194 ostendit
2488 2131 2650 2193 Posi-

299 2232 540 2293 donium
584 2233 776 2311 primo
816 2229 970 2290 libro
1011 2233 1287 2291 universe
1328 2231 1751 2292 divinationem
1791 2231 2149 2313 defendisse,
2188 2231 2372 2291 altero
2413 2232 2651 2291 demon—

301 2340 523 2390 strasse
572 2328 991 2390 divinationem
1039 2348 1105 2389 re
1154 2348 1292 2389 vera
1348 2331 1725 2391 artificiosam
1775 2348 1939 2411 esse,
1998 2332 2174 2390 tertio
2236 2330 2390 2389 idem
2448 2330 2520 2389 de
2569 2348 2653 2409 ea,

304 2448 455 2507 quae
523 2437 648 2489 arte
715 2436 975 2508 careret,
1044 2437 1254 2507 quarto
1321 2428 1540 2508 quibus
1606 2427 1788 2488 rebus
1844 2428 2125 2488 divinatio
2183 2429 2652 2506 confirmaretur,

302 2528 510 2605 quinto
561 2543 708 2605 quae
757 2528 888 2586 eius
936 2534 1096 2586 esset
1141 2529 1310 2587 ratio.
1387 2526 1707 2596 Quaeritur
1746 2526 1888 2606 quid
1937 2529 2246 2606 scripserit
2282 2526 2653 2606 PosidoniuS,

301 2644 418 2703 quo
484 2624 731 2703 implere
796 2627 1061 2703 potuerit
1124 2628 1386 2705 quinque
1454 2626 1665 2706 libros3
1731 2625 1843 2685 hoc
1912 2644 2095 2686 unum
2154 2633 2351 2704 potest
2406 2627 2652 2710 cogitari

302 2732 606 2782 auctorem
657 2721 1002 2800 colligendis
1050 2741 1225 2801 quam
1272 2722 1545 2801 plurimis
1592 2724 1875 2803 exemplis
1930 2724 2350 2784 divinationem
2400 2723 2652 2802 probare

301 2828 577 2881 conatum
608 2839 757 2881 esse.
788 2821 860 2881 cf.
891 2819 1066 2901 Diels,
1088 2820 1277 2899 sibyll.
1299 2819 1521 2880 Blatter
1550 2840 1604 2900 p.
1619 2819 1731 2883 22:
1799 2824 1916 2883 Ein
1945 2823 2123 2882 Blielc
2153 2826 2213 2882 in
2252 2823 2372 2882 Cic.
2403 2822 2653 2882 Biicher

304 2923 381 2979 de
428 2923 544 2981 div.
602 2922 734 2980 und
791 2923 852 2979 in
911 2921 1237 2981 Plutarchs
1292 2922 1655 2981 verwandte
1711 2919 2024 2994 Schriften
2080 2923 2265 2994 lehrt,
2335 2923 2476 2981 dass
2541 2923 2654 2980 der

300 3025 467 3078 sonsc
518 3036 585 3079 so
640 3019 945 3093 treffliehe
993 3019 1316 3094 Philosoph
1372 3021 1489 3078 wie
1543 3020 1843 3095 Chrysipp
1900 3020 2072 3078 mehr
2127 3022 2235 3078 mit
2289 3021 2423 3078 dem
2484 3002 2655 3077 Mass

302 3119 416 3176 der
471 3116 857 3177 Autoritdten
923 3121 1014 3176 als
1077 3119 1186 3176 mit
1249 3119 1360 3176 der
1424 3115 1691 3192 Schd'rfe
1756 3119 1860 3177 des
1936 3118 2154 3177 Urtez'ls
2220 3120 2331 3177 das
2394 3119 2656 3177 stoisehe

303 3215 538 3289 Doqma
603 3233 686 3274 zu
749 3219 993 3274 stiltzen
1056 3216 1285 3275 suchte.
1393 3216 1545 3275 Man
1616 3218 1889 3290 aewinnt
1961 3217 2077 3275 den
2144 3216 2493 3288 Eindruclc,
2560 3218 2650 3274 als

298 3315 511 3373 sollten
560 3316 659 3373 die
706 3314 887 3374 bosen
924 3313 1249 3388 Skeptilcer
1296 3316 1357 3373 in
1404 3317 1577 3374 einer
1614 3317 1870 3375 wahren
1908 3315 2157 3389 Sintflut
2202 3332 2315 3375 von
2356 3313 2654 3389 frommen

306 3411 707 3471 Geschz'chten
770 3413 900 3470 und
961 3411 1195 3470 Citaten
1243 3411 1482 3487 ersd‘uft
1535 3416 1813 3486 werden,
1868 3430 1934 3473 so
1987 3411 2363 3487 massenhaft
2405 3416 2656 3472 werden

301 3509 405 3566 die
440 3509 941 3582 wohlbezeuyten
987 3509 1257 3568 Wunder
1297 3512 1428 3569 und
1462 3512 1561 3570 die
1599 3512 2078 3586 einqetroffenen
2110 3512 2656 3586 Prophezeiunqen

301 3623 416 3664 aus
481 3609 640 3665 allen
706 3606 1001 3666 Ldndern
1064 3607 1640 3685 herbeiqesehleppt.
1708 3641 1788 3650 -—
1866 3607 2036 3678 Quod
2111 3617 2200 3667 tot
2271 3607 2444 3667 nobis
2510 3608 2655 3666 locis

300 3705 565 3764 occurrit
612 3703 766 3782 apud
808 3703 1155 3764 Ciceronem
1203 3722 1417 3765 nomen
1457 3706 1778 3786 Posidonii,
1827 3709 2041 3766 mirum
2091 3724 2206 3765 non
2246 3705 2545 3765 videbitur
2583 3723 2654 3764 ex

307 3821 379 3861 eo
429 3801 583 3880 quod
634 3801 707 3861 de
755 3803 983 3880 origine
1030 3800 1166 3860 libri
1205 3801 1430 3863 dictum
1472 3812 1578 3864 est.
1628 3803 1652 3863 1
1692 3801 1750 3865 6.
1790 3800 1893 3865 64.
1938 3799 2079 3864 125.
2124 3801 2268 3864 130.
2318 3802 2367 3861 ΙΙ
2408 3800 2509 3863 35.
2548 3800 2653 3863 47.

299 3900 578 3959 Ceterum
645 3899 978 3978 exemplum
1064 3899 1354 3976 quoddam
1431 3901 1747 3962 P‘osidonio
1825 3901 2092 3961 debitum
2168 3903 2434 3961 invenies
2500 3901 2651 3979 apud

303 3996 592 4058 Senecam
638 4006 756 4057 nat.
798 4015 894 4075 qu.
934 3995 982 4055 11
1021 3993 1126 4077 26,
1162 3994 1232 4078 43
1287 3997 1347 4057 id
1405 4001 1561 4059 enim
1619 4003 1841 4079 optime
1889 3999 2035 4059 mihi
2080 3999 2315 4060 videtur
2364 4000 2652 4078 quadrare

303 4100 367 4158 in
414 4096 719 4156 Posidonii
764 4093 948 4154 libros
985 4111 1049 4154 π.
1088 4113 1293 4175 μαντ.,
1345 4096 1562 4174 quibus
1600 4106 1831 4158 ostenta
1871 4116 2108 4177 quoque
2157 4115 2457 4177 narrasse,
2505 4116 2655 4176 quac

302 4196 732 4273 significarent,
779 4210 915 4253 eum
964 4192 1290 4270 explicasse
1336 4199 1684 4273 putaverim.

482 4290 663 4351 Venio
712 4292 783 4352 ad
832 4291 1276 4372 Panaetium,
1327 4287 1428 4372 (cf.
1477 4291 1667 4352 Zeller
1705 4286 1857 4353 Illa3
1894 4289 2042 4372 567,
2077 4284 2148 4375 5)
2208 4292 2312 4370 qui
2358 4311 2387 4351 a
2437 4294 2656 4352 ceteris

302 4392 521 4451 Stoicis
586 4388 771 4450 multo
830 4389 1133 4449 discessit:
1199 4392 1419 4450 etenim
1475 4390 1572 4450 ille
1630 4392 1682 4450 si
1740 4409 1856 4451 non
1916 4409 2149 4449 omnem
2216 4386 2654 4469 divinationem,

303 4497 499 4549 tamen
550 4486 923 4566 astrologiam
971 4489 1211 4547 omnino
1260 4490 1494 4549 reiecit:
1550 4489 1669 4549 Cic.
1717 4489 1772 4549 d.
1812 4489 1868 4548 d.
1907 4487 1928 4546 1
1969 4485 2027 4566 6,
2075 4486 2249 4548 Acad.
2290 4504 2377 4566 pr.
2418 4486 2467 4546 11
2509 4486 2651 4548 107.
