3200 5167
1231 366 1716 430 —149—

311 550 541 611 videtur
578 548 951 610 Posidonius,
965 541 1018 632 ¹)
1091 548 1503 609 Artemidorus
1552 566 1790 627 quoque
1828 549 2053 609 fontem
2093 548 2181 608 vel
2219 550 2454 609 initium
2495 552 2644 609 vitae

304 682 393 690 ——
442 654 503 707 et
557 649 618 707 in
674 648 866 707 anima
922 648 1033 707 sita
1091 654 1182 707 est
1237 648 1352 706 vita
1405 678 1478 688 -
1531 647 1593 706 in
1648 649 1839 725 capite
1887 648 2083 707 inesse
2131 647 2305 707 docet
2350 666 2403 725 p.
2445 644 2503 728 6,
2546 644 2644 709 19.

307 744 422 828 36,
457 742 517 808 4.
611 745 829 806 Contra
894 753 1232 806 ceterorum
1296 744 1578 823 placitum
1643 763 1785 824 prae
1844 764 1907 806 se
1964 746 2081 806 fert
2125 742 2239 827 42,
2278 743 2386 827 143
2452 765 2645 826 neque

307 847 490 925 igitur
537 847 597 905 in
645 845 825 904 unius
871 843 1050 904 verba
1098 845 1364 922 magistri
1410 845 1643 905 iuravit.

484 941 670 1020 Negat
716 940 780 1002 Α.
829 938 986 1021 226,
1028 938 1108 1002 16
1164 944 1234 1001 in
1290 949 1541 1002 natura
1599 944 1795 1003 omnia
1855 960 1986 1004 esse
2033 944 2394 1023 necessaria,
2442 950 2643 1003 contra

305 1041 487 1102 multa
555 1040 1022 1119 pulchritudiuis
1087 1048 1452 1119 ornatusque
1520 1058 1696 1102 causa
1757 1060 1889 1102 esse
1946 1043 2268 1102 constituta
2327 1040 2648 1104 contendit.

305 1140 430 1200 Hoc
478 1147 673 1200 autem
721 1140 915 1218 ipsum
957 1156 1193 1216 semper
1231 1138 1449 1200 Balbus
1488 1139 1728 1200 Stoicus
1765 1140 1920 1219 apud
1960 1139 2309 1201 Ciceronem
2345 1140 2647 1220 praedicat

308 1257 502 1317 neque
557 1239 754 1297 minus
812 1254 844 1296 e
891 1236 1338 1315 pulchritudine
1386 1245 1632 1299 naturae
1682 1258 1858 1318 quam
1905 1258 1975 1299 ex
2026 1237 2280 1299 utilitate
2327 1237 2470 1299 deos
2515 1256 2645 1298 esse

307 1334 621 1399 concludit.
707 1334 826 1395 Cic.
875 1334 926 1396 d.
970 1353 1023 1394 n.
1065 1333 1116 1395 d.
1161 1333 1211 1394 11
1248 1330 1350 1397 58.
1390 1335 1443 1395 11
1485 1333 1628 1396 104.
1679 1336 1728 1395 ll
1773 1333 1917 1397 115.
1956 1335 2008 1395 11
2052 1332 2195 1396 127.
2270 1334 2457 1396 Zeller
2496 1330 2646 1395 Illa3

310 1434 435 1498 170
465 1454 549 1513 sq.
2535 1515 2539 1519 Δ

480 1532 790 1613 Deinceps,
838 1550 983 1611 quas
1026 1534 1169 1593 artis
1209 1551 1350 1593 suae
1390 1541 1587 1612 partes
1627 1533 1913 1594 discernit
1950 1535 2010 1593 in
2049 1534 2391 1593 memoriam
2434 1541 2644 1594 vocant

306 1633 641 1693 Stoicorum
691 1631 834 1691 artis
881 1633 1295 1710 grammaticae
1342 1633 1748 1712 partitionem3
1795 1632 1928 1692 dico
1975 1639 2172 1692 autem
2220 1632 2393 1692 haec:

479 1728 733 1807 Propius
788 1730 946 1788 inter
998 1745 1061 1787 se
1108 1731 1440 1807 iunguntur
1487 1730 1642 1808 apud
1691 1730 1753 1792 A.
1800 1729 1939 1789 libri
1987 1739 2264 1808 quattuor
2310 1732 2506 1809 primi,
2554 1749 2642 1791 se·

300 1829 569 1889 cernitur
625 1828 897 1907 quintus3
952 1828 1012 1886 in
1068 1829 1276 1906 quinto
1324 1830 1480 1889 enim
1529 1846 1846 1889 numerum
1896 1829 2039 1888 satis
2086 1846 2362 1907 magnum
2411 1827 2641 1888 confert

299 1927 690 2005 somniorum,
756 1942 904 2002 quae
963 1924 1287 2003 significata
1344 1927 1464 1987 sint
1519 1929 1633 2007 εἰς,
1697 1925 1897 2005 docet,
1973 1942 2180 1985 causas
2237 1922 2515 2006 explicat3
2577 1926 2639 1984 in

301 2025 508 2104 primis
556 2029 835 2102 quattuor
883 2039 1001 2084 non
1049 2040 1079 2082 a
1130 2024 1284 2083 veris
1332 2023 1435 2084 sed
1483 2025 1637 2084 fictis
1680 2023 2082 2102 proficiscitur
2122 2025 2385 2104 somniis,
2432 2042 2641 2083 causas

300 2107 464 2184 addit
509 2128 783 2201 eventuS‚
830 2123 1023 2180 rarius
1071 2121 1364 2203 exempla3
1411 2123 1473 2182 in
1518 2121 1636 2182 illis
1683 2129 1874 2182 exstat
1920 2122 2098 2202 ratio,
2144 2122 2205 2181 in
2251 2121 2364 2181 hoc
2412 2114 2640 2205 usus,²)

476 2220 560 2280 De
625 2219 792 2279 libris
849 2218 1039 2279 l—lv
1103 2219 1244 2298 quid
1309 2222 1437 2299 ipse
1499 2222 1829 2300 censuerit,
1893 2220 2031 2280 hinc
2089 2218 2286 2280 elucet
2337 2217 2490 2301 148,
2529 2217 2639 2281 21;

298 2314 493 2400 τέχνη
542 2309 1024 2398 ὀνειροκριτικὴ
1072 2311 1184 2378 καὶ
1230 2308 1573 2399 ὑποθῆκαι
1620 2310 2098 2398 θεωρημάτων.

475 2413 634 2497 254,
673 2412 739 2477 6:
794 2408 1058 2496 τεχνικὴ
1114 2415 1395 2498 θεωρίας
1453 2417 1576 2478 vult
1634 2419 1817 2495 igitur
1871 2417 2127 2494 accipias
2181 2414 2291 2475 hos
2339 2415 2526 2475 libros
2575 2424 2641 2476 ut

300 2519 589 2577 rationem
628 2506 985 2596 (θεωρίαν)
1032 2515 1421 2577 continentes.
1505 2513 1793 2586 Quintum
1840 2513 2061 2574 addidit
2112 2510 2403 2595 ἱστορίας
2449 2508 2640 2574 ἕνεκα

299 2607 474 2687 ὅπως
520 2611 670 2695 ἔχῃς
715 2602 1142 2691 ἀπονώτερον
1190 2619 1334 2686 ταῖς
1376 2612 1635 2694 τριβαῖς
1680 2610 1971 2695 χρῆσθαι
2021 2608 2166 2691 252,
2206 2609 2308 2673 26.

475 2707 632 2791 254,
673 2708 740 2772 8:
797 2702 975 2791 ὅμως
1029 2724 1136 2771 σοι
1193 2707 1512 2790 προσδεῖν
1568 2703 1942 2792 ἡγούμενος
1988 2707 2217 2790 τριβῆς
2262 2729 2332 2770 τε
2378 2702 2485 2769 καὶ
2525 2729 2637 2788 γυ·-

297 2808 578 2891 μνασίας
623 2799 745 2888 τὴν
788 2799 1150 2889 ὑπόσχεσιν
1199 2800 1591 2889 ἀποδίδωμι.
1668 2809 1819 2881 Quid
1871 2816 2066 2868 autem
2108 2808 2399 2887 significat
2436 2809 2637 2885 priore

295 2908 427 2969 loco
477 2903 780 2989 ίστορίαῬ
852 2907 1134 2967 Assumas
1181 2926 1401 2986 quaeso
1440 2905 1588 2989 253,
1628 2906 1695 2969 2:
1741 2899 1816 2969 τὸ
1864 2905 2302 2986 προκείμενον
2340 2891 2425 2985 ἦν
2466 2902 2634 2966 ἱστο-

297 3005 452 3087 ρίαν
510 2997 795 3087 ὀνείρων
850 2998 1367 3086 ἀποβεβηκότων
1423 3013 1831 3087 συναγαγεῖν
1885 3017 2006 3067 σοι.
2101 3004 2244 3065 Inde
2291 3004 2436 3064 mihi
2484 3004 2638 3064 clare

297 3105 529 3166 videtur
577 3121 862 3184 apparere
909 3112 1309 3183 nuncupatam
1355 3125 1486 3166 esse
1525 3104 1899 3167 Artemidoro
1949 3121 2151 3164 vocem
2196 3099 2492 3181 ἱστορίας
2527 3121 2636 3181 pro

296 3205 558 3264 materie.
653 3202 959 3263 Materiam
1007 3236 1090 3245 —
1139 3203 1349 3264 scribit
1395 3204 1514 3265 filio
1561 3238 1633 3246 —
1679 3204 2044 3264 somniorum
2091 3201 2199 3263 tibi
2248 3200 2476 3280 colligo,
2525 3219 2637 3277 qua

293 3319 440 3363 usus
486 3303 672 3380 magis
719 3301 1023 3379 magisque
1071 3303 1131 3360 in
1179 3310 1306 3362 arte
1353 3304 1687 3363 exercearis
1733 3293 2006 3386 (τριβή).
2096 3300 2301 3378 Itaque
2360 3301 2419 3359 in
2470 3289 2637 3359 ὀνει-

293 3398 648 3482 ροκρισία
712 3398 856 3459 haec
923 3399 1476 3478 deprehenduntur:
1550 3398 1883 3477 θεωρία,
1960 3397 2308 3477 ῖστορία,
2376 3390 2637 3477 τριβή,

294 3517 444 3579 quae
499 3500 739 3577 partitio
797 3498 1000 3558 eadem
1048 3499 1171 3559 fere
1218 3480 1310 3560 est
1355 3507 1531 3578 atque
1579 3499 1879 3577 Taurisci,
1926 3496 2179 3558 Cratetis
2228 3495 2506 3574 discilmli
2561 3528 2629 3539 -—

292 3607 354 3658 et
417 3616 449 3656 a
506 3595 720 3657 Stoicis
786 3596 1019 3657 stabant
1073 3596 1422 3677 Pergameni
1466 3631 1553 3639 —
1600 3599 1704 3677 qui
1773 3596 1981 3656 dividit
2044 3595 2486 3673 grammaticam
2549 3594 2637 3653 vel

293 3699 494 3775 potius
540 3688 664 3776 τὴν
711 3687 1012 3776 κριτικὴν
1059 3698 1123 3756 in
1168 3688 1500 3777 λογικὸν
1550 3693 1961 3776 ίστορικον
2007 3685 2402 3773 τριβικόντ,
2460 3701 2636 3771 atque

293 3796 452 3874 apud
500 3814 635 3857 eum
684 3813 919 3874 quoque
968 3788 1310 3872 ἱστορικὸν
1358 3797 1627 3856 continet
1672 3794 1979 3855 materiem
2029 3790 2360 3852 fabularum
2406 3799 2466 3851 et
2504 3809 2633 3849 nar-

293 3896 590 3955 rationum
646 3892 801 3971 apud
857 3899 1064 3971 poetas
1120 3903 1179 3954 et
1236 3912 1437 3956 rerum
1493 3895 1842 3972 scriptoreS,
1900 3909 2049 3970 quae
2109 3888 2499 3950 discernenda
2547 3897 2637 3948 est

294 3994 421 4053 viro
468 3994 694 4053 critico,
788 3989 957 4061 Quod
1005 3999 1240 4054 ceterae
1287 3999 1487 4072 partes
1533 3997 1880 4069 argumenta
1928 3989 2036 4049 alia
2089 3995 2372 4068 tractant,
2418 3989 2635 4047 mirum

473 4167 525 4231 1)
563 4163 643 4219 cf.
672 4163 876 4231 Hirzel‚
914 4161 1421 4235 Untersuchungen
1449 4182 1516 4219 zu
1547 4161 1768 4218 Ciceros
1796 4160 2003 4232 philos.
2036 4158 2320 4214 Schriften
2346 4157 2398 4211 II
2430 4162 2531 4212 772
2554 4175 2634 4226 sq.

292 4243 427 4297 Eius
465 4245 795 4314 argumenta
828 4260 942 4298 non
979 4241 1249 4298 refutavit
1285 4242 1674 4299 Schmekelius
1712 4248 1834 4310 269,
1863 4248 1913 4297 2.

470 4325 526 4393 2)
567 4323 757 4391 Qualis
809 4325 896 4379 est
941 4321 1084 4377 liber
1122 4325 1198 4390 V,
1244 4324 1390 4379 tales
1439 4323 1839 4394 conscripsisse
1886 4337 2087 4377 censeo
2133 4320 2199 4373 A.
2240 4319 2372 4373 ante
2420 4317 2634 4372 editum

293 4422 448 4474 opus,
484 4405 632 4459 unde
670 4404 1075 4474 experientiam
1113 4404 1388 4472 hauriret3
1427 4421 1527 4460 eae
1562 4405 1789 4470 fuerint,
1830 4401 1880 4456 si
1915 4399 2057 4455 mihi
2089 4401 2241 4466 licet,
2279 4415 2455 4467 parva
2484 4414 2635 4451 com-

289 4500 499 4554 ponere
527 4483 767 4556 magnis,
796 4488 1088 4549 πολιτεῖαι,
1116 4481 1372 4556 πολιτικὴ
1402 4484 1568 4555 τέχνη
1598 4484 1635 4541 l.
1659 4485 1850 4554 I—IV,
1889 4484 1977 4537 est
2003 4481 2040 4537 l.
2065 4482 2111 4533 V
2140 4479 2252 4549 via,
2280 4479 2407 4533 finis
2437 4477 2629 4533 ceteri.
