3200 5167
1225 367 1706 434 —125--

291 553 513 634 scripta
561 563 796 633 quoque
846 569 1004 613 nuuc
1042 548 1344 630 deperdita
1384 552 1650 612 eiusdem
1690 554 1813 613 fere
1854 554 2036 614 fuisse
2076 556 2337 637 generis3
2385 553 2631 638 accedit,

294 654 452 734 quod
509 652 917 732 compluribus
970 652 1118 712 locis
1172 652 1474 730 praedicat
1528 652 1652 711 Art.
1709 654 1977 730 priorum
2034 657 2392 732 scriptorum
2448 654 2632 714 libros

293 752 742 831 diligentissime
790 751 905 811 sibi
951 769 1082 811 esse
1128 749 1446 831 perlectos3
1504 750 1562 808 id
1613 753 1795 829 igitur
1841 752 1927 812 illi
1973 754 2253 812 videntur
2300 756 2518 833 egisse,
2568 761 2633 813 ut

295 853 519 911 somnia
595 868 771 930 quam
844 849 1098 929 plurima
1172 848 1548 927 colligerent,
1626 849 1781 909 unde
1847 853 2136 910 rationem
2201 854 2635 911 constituerent

295 951 804 1029 interpretationis
850 940 1380 1031 (ὀνειροκρισία).
1396 940 1444 1028 1)

473 1046 594 1107 Iam
652 1049 918 1126 quaestio
976 1048 1193 1124 oritur,
1255 1046 1358 1123 qui
1413 1048 1563 1105 ratio
1620 1048 2054 1125 interpretandi
2108 1051 2334 1109 somnia
2380 1051 2442 1108 in
2489 1052 2634 1109 artis

298 1147 545 1206 formam
600 1147 934 1225 transierit3
991 1144 1143 1222 apud
1192 1142 1514 1203 Homerum
1572 1155 1900 1206 occurrunt
1946 1154 2285 1207 ceterorum
2331 1157 2492 1207 vates
2540 1166 2634 1225 ge-

298 1262 538 1325 nerum,
586 1263 703 1303 non
753 1235 1216 1325 somniorum2);
1270 1249 1414 1301 tunc
1463 1259 1597 1300 cum
1648 1244 1740 1302 sui
1790 1246 2041 1323 quisque
2090 1247 2304 1304 somnii
2351 1247 2475 1322 ipse
2523 1247 2637 1304 suit

296 1344 628 1421 interpreS,
683 1342 853 1401 facile
917 1341 1050 1399 fieri
1113 1341 1338 1418 potuit,
1409 1349 1477 1399 ut
1551 1341 1708 1419 quod
1776 1349 2125 1401 eventurum
2203 1361 2332 1402 esse
2398 1349 2638 1421 putaret

297 1440 516 1500 frustra
550 1447 1021 1520 exspectaretur3
1068 1437 1239 1517 culpa
1269 1440 1450 1513 igitur
1479 1439 1838 1499 conferenda
1872 1448 1999 1499 erat
2036 1448 2137 1500 aut
2174 1443 2236 1499 in
2274 1440 2433 1521 deOS,
2480 1441 2637 1501 unde

298 1538 601 1599 'fluxerunt
655 1539 908 1617 somnia,
966 1545 1067 1597 aut
1121 1539 1180 1596 in
1238 1538 1810 1614 interpretationem.
1900 1539 2092 1617 Atque
2147 1542 2347 1617 priore
2400 1539 2638 1617 quidem

299 1646 490 1696 aetate
546 1638 688 1696 deos
743 1637 961 1696 invidia
1016 1634 1108 1694 vel
1164 1635 1298 1694 odio
1354 1642 1656 1712 permotos
1713 1638 1774 1695 in
1831 1655 2097 1696 errorem
2151 1637 2434 1697 inducere
2487 1655 2639 1695 mor-

302 1734 447 1795 tales
503 1734 826 1795 censebant
883 1727 986 1815 (cf.
1041 1733 1185 1793 Plat.
1241 1732 1385 1811 Rep.
1433 1732 1485 1792 ll
1524 1730 1653 1794 383
1679 1726 1787 1817 A),
1852 1744 2054 1813 postea
2117 1754 2251 1795 cum
2310 1738 2638 1795 sanctiores

301 1844 360 1893 et
407 1835 469 1892 in
517 1834 788 1893 homines
834 1831 1348 1904 benevolentiores
1396 1826 1899 1912 existimarent3),
1946 1852 2065 1892 non
2109 1836 2228 1894 iam
2276 1836 2501 1893 somnia
2548 1833 2640 1892 vel

302 1931 470 2011 deoS,
537 1931 639 1991 sed
688 1932 1240 2009 interpretationem
1287 1936 1354 1990 ut
1401 1928 1606 1988 falsam
1663 1930 2049 2011 accusabant,
2114 1931 2287 1991 aliam
2341 1930 2639 2010 petebant.

301 2030 375 2090 cs.
423 2030 582 2089 Tert.
631 2028 702 2088 de
752 2047 841 2088 an.
888 2026 992 2089 46.

483 2127 564 2186 Eo
612 2129 795 2204 igitur
841 2127 1015 2186 modo
1063 2145 1159 2186 ars
1207 2128 1415 2186 extitit.
1509 2125 1625 2185 Sed
1676 2145 1821 2205 quas
1869 2125 2137 2188 adhibuit
2174 2126 2407 2206 regulas
2444 2121 2639 2206 τέχνη

303 2216 833 2305 ὀνειροκριτικήῗ
906 2223 1062 2284 Satis
1110 2232 1202 2283 est
1247 2224 1566 2283 verisimile
1607 2233 1792 2285 artem
1834 2233 2097 2286 secutam
2138 2243 2268 2285 esse
2308 2232 2640 2304 cognatam:

303 2321 677 2381 oraculorum
725 2324 1291 2401 interpretationem.
1366 2320 1695 2400 Vtrumque
1744 2325 1900 2382 enim
1949 2330 2008 2382 et
2050 2322 2353 2383 oraculum
2392 2330 2452 2382 et
2489 2341 2640 2382 som-

305 2422 469 2480 nium
525 2420 651 2479 deis
708 2419 1060 2499 debebatur,
1117 2428 1436 2498 utrumque
1494 2421 1856 2481 obscuritate
1905 2423 2247 2499 saepissime
2295 2421 2418 2480 fere
2467 2419 2642 2480 obru-

305 2527 430 2577 tum
478 2526 621 2579 erat.
699 2518 942 2578 Accedit
990 2519 1146 2597 quod
1195 2518 1565 2596 temporibus
1613 2521 1756 2579 satis
1803 2521 2062 2598 antiquis
2110 2518 2348 2578 oracula
2397 2518 2642 2578 collecta

304 2624 473 2697 sunt3
531 2616 631 2675 sed
690 2616 803 2676 hoc
861 2635 1096 2694 quoque
1154 2619 1402 2694 cogitari
1458 2617 1621 2697 licet,
1678 2620 1830 2678 viam
1886 2616 2000 2677 sibi
2053 2619 2242 2695 ipsam
2292 2619 2641 2698 munivisse3

305 2712 551 2774 collecta
589 2722 730 2774 sunt
767 2716 996 2775 somnia
1033 2733 1359 2793 eorumque
1399 2724 1673 2775 eventus:
1721 2735 1791 2775 ex
1836 2735 1904 2775 ea
1942 2717 2305 2794 experientia
2346 2716 2642 2793 analogiae

304 2819 609 2890 assumpto
666 2811 883 2872 auxilio
941 2814 1092 2871 ratio
1151 2820 1243 2872 est
1299 2815 1648 2895 constituta3
1704 2833 1772 2873 ac
1818 2816 2193 2892 potissimum
2242 2812 2642 2873 observandae

306 2918 475 2971 erant
531 2910 950 2971 similitudines
1007 2902 1159 2993 (Art.
1218 2910 1308 2971 ed.
1368 2911 1639 2971 Hercher
1691 2909 1844 2991 120,
1886 2911 1943 2973 7.
2031 2912 2275 2972 Aristot.
2330 2903 2481 2990 περὶ
2527 2908 2645 2989 τῆς

303 3000 463 3070 καθ’
507 3000 569 3068 ὑ.
607 3030 668 3089 μ.
709 3028 834 3086 cap.
872 3007 939 3070 2:
984 3002 1455 3088 τεχνικώτατος
1502 3000 1563 3070 δ’
1609 3005 1789 3072 ἐστὶν
1827 3005 2165 3072 ἐνυπνίων
2201 3001 2426 3091 κριτὴς
2464 3000 2644 3081 ὅστις

307 3100 587 3168 δύναται
640 3098 756 3180 τὰς
813 3098 1208 3187 ὁμοιότητας
1260 3102 1598 3190 θεωρεῖν).
1691 3108 1865 3168 Vates
1920 3117 2116 3169 autem
2174 3107 2259 3167 illi
2306 3126 2377 3166 ex
2423 3107 2643 3166 infimis

305 3204 617 3266 ordinibus
682 3207 798 3265 orti
859 3203 951 3263 vel
1013 3223 1304 3284 pauperes
1363 3198 1543 3289 (Plut.
1600 3208 1776 3267 Arist.
1834 3200 1950 3289 27)
2014 3209 2077 3266 in
2142 3208 2644 3284 contemptionem

306 3305 432 3364 fere
487 3307 752 3364 omnium
808 3312 1100 3362 venerunt
1155 3300 1306 3385 (Art.
1345 3301 1412 3383 2,
1457 3299 1564 3383 12)
1620 3322 1980 3383 parvamque
2034 3306 2345 3383 pecuniam
2403 3301 2644 3363 rettule-

306 3410 467 3462 runt.
560 3395 766 3483 (Arist.
812 3400 984 3479 Vesp.
1033 3398 1135 3462 52.
1219 3400 1339 3461 luv.
1397 3410 1503 3461 sat.
1550 3400 1623 3461 VI
1672 3397 1820 3462 546.
1894 3401 2216 3480 Alciphron
2264 3419 2353 3478 ep.
2394 3399 2472 3459 111
2511 3397 2644 3480 59.)

489 3613 539 3677 1)
588 3608 796 3664 Vocem
860 3604 1243 3677 ὀνειροκρίτης
1304 3608 1519 3677 primus
1572 3608 1810 3678 praebet
1866 3607 2145 3676 Theophr.
2204 3607 2354 3662 char.
2413 3625 2460 3663 c.
2520 3608 2647 3660 XVI

306 3710 362 3760 p.
406 3695 488 3758 18,
518 3696 584 3743 25
622 3691 784 3743 Foss:
842 3686 979 3744 ὅταν
1031 3685 1300 3743 ἐνύπνιον
1353 3691 1446 3760 ἴδῃ
1497 3686 1854 3757 πορεύεσθαι
1896 3684 2039 3756 πρὸς
2075 3685 2204 3750 τοὺς
2243 3684 2647 3756 ὀνειροκρίτας.

307 3769 640 3824 Theocritus
678 3776 773 3838 21,
804 3776 871 3824 32
910 3812 922 3826 .
957 3811 969 3823 .
1000 3808 1015 3823 .
1048 3811 1060 3823 .
1098 3760 1262 3832 οὗτος
1316 3764 1542 3838 ἄριστος
1598 3767 1748 3823 ἔστιν
1796 3765 2180 3838 ὀνειροκρίτας
2229 3765 2259 3822 ὁ
2308 3765 2649 3829 διδάσκαλός

309 3847 428 3905 ἔστι
474 3846 608 3918 παρ’
660 3842 702 3923 ᾧ
749 3850 901 3911 νοῦς.
975 3848 1141 3918 Apud
1185 3849 1529 3919 Aeschylum
1572 3848 1633 3903 in
1672 3848 1878 3918 Coeph.
1917 3869 1968 3904 v.
2009 3855 2077 3902 32
2126 3849 2399 3903 habemus
2451 3862 2648 3901 vocem

307 3927 726 4001 ὀνειρόμαντις,
779 3948 831 3985 v,
882 3936 948 3984 37
1004 3930 1190 3998 κριταὶ
1244 3925 1583 3998 ὀνειράτωνς
1641 3928 1792 3999 apud
1848 3927 2177 3999 Euripidem
2232 3927 2291 3981 in
2338 3929 2471 3982 Hec.
2523 3932 2647 3981 709:

310 4007 466 4066 οἷσθ’
498 4008 856 4081 ὀνειρόφρων
885 4010 1119 4081 φράσαι,
1148 4010 1300 4080 apud
1312 4009 1752 4080 Aristophanem
1779 4008 1840 4062 in
1866 4009 2053 4078 vespis
2081 4005 2462 4077 ὑποκρίνομαι
2488 4027 2539 4061 v.
2565 4014 2649 4061 53.

489 4096 543 4160 2)
582 4088 945 4161 ὀνειροπόλος
980 4090 1212 4145 11.163.
1286 4089 1338 4144 V
1378 4096 1479 4144 149
1519 4091 1589 4145 cf.
1630 4088 1812 4144 Schol.
1852 4088 1900 4142 V
1943 4095 2061 4143 149.

493 4173 549 4244 3)
584 4172 734 4227 Deos
770 4188 887 4226 non
921 4170 1148 4225 mentiri
1183 4170 1564 4240 sophistarum
1599 4171 1789 4224 aetate
1828 4168 2304 4225 existimaverunt.
2379 4167 2547 4223 Cuius
2582 4169 2650 4222 de

311 4254 433 4309 deis
471 4253 750 4323 opinionis
789 4253 1108 4323 exemplum
1143 4251 1382 4321 praebet
1416 4250 1674 4322 Hippiae,
1713 4249 1809 4317 qui
1846 4252 1909 4302 ut
1945 4265 1980 4301 a.
2007 4249 2138 4303 Iove
2175 4246 2388 4300 fraudis
2427 4245 2649 4315 culpam

311 4334 564 4402 reiceret,
602 4336 789 4389 locum
827 4334 1106 4403 quendam
1144 4332 1372 4386 Homeri
1410 4334 1497 4404 (11.
1535 4331 1586 4384 II
1626 4332 1717 4398 15)
1752 4332 1985 4383 accentu
2021 4327 2365 4398 transposito
2401 4359 2467 4368 —
2497 4330 2648 4383 δίδο-

308 4434 416 4485 μεν
444 4446 512 4454 -
542 4413 778 4482 διδόμεν
816 4412 1072 4468 mutavit.
1132 4412 1214 4467 Cf.
1243 4412 1416 4481 Wolf,
1454 4412 1598 4481 prol.
1627 4430 1682 4482 p.
1717 4418 1843 4466 168:
1881 4410 2117 4480 impium
2147 4409 2295 4462 enim
2324 4408 2648 4478 putabatur,

312 4499 500 4551 lovem
534 4495 702 4565 plane
736 4495 796 4548 id
832 4494 1179 4564 promittere,
1222 4492 1372 4561 quod
1410 4496 1738 4546 eventurum
1774 4507 1892 4545 non
1928 4497 2091 4546 esset.
