3200 5167
1236 343 1713 406 —119-

306 546 376 585 eo
424 528 711 605 scriptum
770 544 900 586 esse
958 526 1145 585 credit
1194 524 1552 585 Wellrnann:
1619 543 1751 584 ann.
1809 524 2006 585 Fleck.
2057 520 2255 607 18743
2322 523 2653 605 Schmekel,

304 624 399 684 die
460 623 839 702 Philosophie
904 624 1011 684 der
1076 624 1373 684 mittleren
1432 622 1597 702 Stoa,
1665 643 1720 701 p.
1771 621 1897 685 337
1966 632 2024 684 et
2078 631 2261 702 postr.
2328 624 2388 683 in
2447 623 2650 683 eadem

306 722 673 784 dubitatione
721 723 927 783 haeret
976 723 1049 783 de
1093 721 1422 783 Philodemi
1467 715 1621 803 περὶ
1670 721 1965 800 σημείων
2011 712 2213 803 libro.)

479 820 652 882 Nunc
718 821 1251 900 contemplabimur
1327 823 1664 881 universam
1739 819 1812 879 de
1888 820 2245 879 divinatione
2313 818 2648 880 Stoicorum

303 922 674 981 sententiam.
756 919 993 980 Maximi
1050 928 1244 980 autem
1305 920 1589 979 momenti
1637 917 1873 977 videtur
1918 916 1975 977 id
2027 917 2182 996 quod
2230 916 2438 978 Cicero
2504 918 2651 979 dixit

302 1019 375 1078 de
404 1025 529 1079 tota
559 1019 786 1080 schola:
824 1018 848 1078 1
882 1015 1025 1080 118.
1074 1018 1098 1077 1
1140 1014 1282 1079 132.
1306 1051 1378 1060 —
1405 1018 1764 1078 Reiecerunt
1801 1034 2173 1076 communem
2213 1016 2648 1099 divinationem,

302 1135 421 1176 non
461 1125 824 1195 negaverunt
864 1116 1042 1177 ullam
1088 1135 1248 1198 esse;
1294 1124 1516 1196 contra,
1558 1118 1610 1176 si
1647 1122 1808 1175 esset
1845 1114 2125 1174 divinatio
2163 1132 2295 1174 esse
2334 1114 2493 1197 deos,
2533 1135 2647 1176 non

301 1214 493 1275 solum
540 1215 994 1296 contendebant,
1043 1215 1146 1275 sed
1183 1217 1377 1296 etiam,
1427 1217 1476 1274 si
1515 1215 1630 1296 dei,
1677 1232 1808 1274 esse
1847 1213 2282 1274 divinationem.
2322 1211 2478 1275 182.

478 1313 664 1373 Porro
722 1333 856 1375 eum
915 1316 1346 1392 existimarent,
1412 1315 1527 1373 vim
1584 1313 1841 1372 divinam
1899 1329 2006 1389 per
2073 1314 2412 1372 universum
2479 1331 2646 1374 mun-

301 1412 443 1471 dum
492 1415 813 1493 pertinere,
861 1412 998 1472 inde
1047 1412 1409 1492 efficiebant,
1466 1411 1726 1490 singulas
1776 1428 2010 1490 quoque
2066 1409 2225 1470 illius
2282 1418 2481 1487 partes
2529 1431 2646 1472 uno

302 1511 458 1568 inter
514 1528 577 1569 se
646 1510 877 1570 vinculo
943 1512 1238 1571 contineri
1292 1517 1634 1587 tantamque
1690 1527 1821 1569 esse
1878 1526 2079 1568 earum
2138 1517 2382 1568 naturae
2439 1527 2646 1569 conve-

298 1609 580 1667 nientiam
631 1601 1120 1691 (συμπάθειαν)
1177 1617 1241 1668 ut
1290 1608 1451 1668 nulla
1508 1626 1582 1691 ne
1639 1610 1702 1667 in
1758 1609 1995 1667 minima
2022 1606 2286 1685 quidem
2342 1615 2401 1667 et
2458 1626 2646 1668 remo·

304 1707 528 1766 tissima
594 1715 762 1786 parte
827 1707 959 1767 fieri
1022 1714 1225 1785 posset
1288 1707 1649 1786 immutatio,
1716 1708 1860 1784 quin
1925 1705 2020 1765 illa
2085 1705 2345 1785 reliquas
2410 1725 2647 1786 quoque

296 1823 502 1865 omnes
578 1805 833 1884 quodam
907 1804 1083 1864 modo
1157 1805 1435 1864 afficeret.
1547 1803 1903 1865 Statuebant
1975 1807 2184 1883 igitur,
2258 1822 2648 1884 quaecunque

300 1906 539 1985 fierent,
597 1904 794 1965 causis
850 1904 982 1963 fieri
1036 1905 1398 1982 antegressis
1454 1903 1756 1980 certisque
1812 1901 1994 1962 rebus
2050 1909 2212 1961 certa
2268 1905 2430 1981 signa
2480 1921 2646 1982 prae-

274 2020 542 2064 currere
590 2006 717 2064 alia
765 2006 829 2063 in
876 2004 1053 2077 emtis,
1100 2005 1226 2063 alia
1274 2006 1338 2063 in
1385 2002 1623 2074 avibus,
1684 2004 1811 2061 alia
1858 2004 1920 2061 in
1973 2000 2353 2077 fulquribus,
2411 2006 2536 2062 alia
2585 2007 2646 2064 in

298 2105 568 2182 ostentiS,
622 2103 749 2161 alia
797 2104 861 2161 in
906 2103 1118 2182 stelliS,
1166 2103 1293 2161 alia
1340 2103 1403 2161 in
1449 2102 1877 2160 somniantium
1935 2101 2101 2173 υἱεῖς,
2150 2102 2277 2159 alia
2327 2102 2389 2160 in
2430 2100 2643 2176 furen-

298 2203 447 2260 tium
493 2201 757 2261 vocibus.
830 2198 948 2259 Cic.
990 2198 1044 2258 d.
1083 2198 1138 2258 d.
1176 2195 1376 2260 1118.
1452 2196 1656 2276 Neque
1705 2203 1901 2256 autem
1947 2194 2405 2274 acquiescebant
2451 2198 2512 2256 in
2561 2199 2647 2257 eis

296 2300 481 2375 signis
532 2315 682 2376 quae
730 2303 893 2358 certe
942 2296 1139 2357 futura
1189 2295 1597 2376 significabant
1633 2328 1708 2337 ——
1753 2294 1871 2354 Cic.
1912 2293 1965 2354 d.
2005 2294 2059 2354 d.
2099 2293 2123 2352 l
2167 2292 2245 2355 13
2291 2326 2364 2336 -
2409 2294 2538 2374 sed,
2587 2296 2642 2355 id

297 2395 457 2476 quod
500 2396 706 2456 falsum
748 2403 893 2476 erat,
930 2396 1003 2455 de
1042 2396 1318 2457 omnibus
1347 2396 1505 2456 idem
1542 2394 1813 2455 tulerunt
1849 2392 2152 2473 iudicium,
2184 2411 2436 2471 quorum
2476 2413 2645 2473 argu-

297 2503 497 2555 menta
547 2495 756 2555 afferre
802 2513 923 2554 non
969 2502 1322 2576 potuerunt3
1371 2513 1519 2573 quae
1568 2495 1620 2553 si
1665 2494 1745 2552 ita
1793 2498 2017 2572 essent,
2066 2493 2117 2551 si
2164 2493 2356 2551 omnia
2406 2513 2436 2551 a
2483 2495 2645 2571 prin-

299 2596 456 2673 cipio
503 2593 1110 2674 praedestinarentur,
1162 2590 1376 2653 nullam
1425 2594 1665 2652 omnino
1711 2590 1930 2650 habere
1978 2589 2292 2650 utilitatem
2340 2591 2645 2652 divinatio-

304 2711 437 2752 nem
488 2690 888 2752 obicientibus
943 2709 1078 2750 cum
1135 2691 1281 2751 nihil
1335 2698 1581 2770 possent
1628 2688 1991 2768 respondere
2042 2688 2252 2768 Stoici,
2312 2689 2468 2768 quod
2514 2708 2643 2769 gra-

302 2792 612 2851 vissimum
661 2796 946 2851 urserunt
991 2789 1368 2850 divinationis
1407 2797 1822 2868 argumentum
1871 2787 2211 2867 relinquere
2259 2790 2448 2849 coacti
2488 2797 2646 2850 sunt.

304 2889 460 2949 Deos
507 2891 684 2969 enim,
731 2907 844 2968 qua
893 2895 1093 2948 essent
1141 2887 1530 2969 benignitate,
1576 2895 1647 2948 ut
1690 2887 2046 2966 prodessent
2091 2885 2432 2947 hominibus
2480 2889 2643 2966 signa

295 2987 437 3047 dare
496 2987 940 3047 contenderant.
1035 2985 1174 3047 Tale
1231 2987 1373 3066 quid
1430 2988 1666 3066 quaerit
1718 2983 2014 3045 Eusebius
2068 3002 2160 3064 pr.
2207 3003 2292 3045 ev.
2336 2981 2462 3047 138
2481 2985 2535 3046 b.
2582 2984 2653 3046 τί

292 3076 422 3166 γὰρ
464 3077 708 3165 ὄφελος
744 3075 907 3166 ἡμῖν
945 3070 1031 3164 ἦν
1069 3078 1579 3166 προμανθάνειν
1617 3075 1697 3145 τὰ
1734 3076 1999 3156 πάντως
2037 3077 2323 3162 ἐσόμενα
2358 3080 2643 3166 δυσχερῆ

294 3173 338 3244 ἃ
390 3174 549 3245 oid}
593 3176 1157 3264 προφυλᾶξασθαι
1210 3173 1500 3245 δυνατὸν
1547 3172 1635 3244 ἂν
1683 3185 1815 3263 εἴης
1888 3173 1969 3241 τὰ
2027 3171 2153 3261 γὰρ
2210 3171 2368 3242 καθ’
2421 3178 2643 3262 εἱμαρ-

293 3276 506 3362 μένην
555 3274 879 3362 γινόμενα
923 3278 1061 3355 πῶς
1106 3273 1192 3342 ἄν
1238 3301 1336 3354 τις
1381 3273 1807 3361 φυλάξασθαι
1847 3271 2159 3352 δύναιτος
2218 3287 2484 3340 ceterum
2533 3279 2642 3339 boc

293 3398 647 3458 responsum
712 3383 912 3441 inveni
977 3398 1117 3441 sane
1183 3379 1586 3461 memorabile,
1653 3381 1707 3439 si
1770 3379 1840 3438 ad
1906 3379 2298 3458 posteriorem
2365 3378 2643 3456 progredi

293 3486 544 3538 aetatem
593 3478 740 3538 mihi
787 3478 942 3559 licet,
992 3479 1147 3557 apud
1195 3479 1485 3543 Achillem
1531 3477 1792 3538 Tatium:
1852 3470 1953 3558 (cf.
1995 3474 2217 3554 Rohde,
2263 3474 2482 3552 griecb.
2530 3475 2641 3534 Ro-

292 3595 429 3637 man
476 3595 532 3655 p.
561 3569 723 3660 477)
791 3577 976 3657 φιλεῖ
1025 3568 1101 3637 τὸ
1153 3569 1512 3658 δαιμόνιον
1566 3567 1881 3645 πολλάκις
1935 3579 2072 3644 τοῖς
2132 3563 2522 3653 ἀνθρώποις
2566 3564 2642 3633 τὸ

289 3670 538 3756 μέλλον
585 3669 845 3755 νύκτωρ
895 3675 1142 3754 λαλεῖν,
1192 3667 1315 3757 οὐχ
1371 3673 1484 3736 ἵνα
1529 3665 1956 3755 φυλάξωνται
2005 3662 2093 3750 μὴ
2141 3673 2389 3733 παθεῖν
2430 3704 2506 3715 -
2561 3662 2643 3731 οὐ

290 3764 419 3853 γὰρ
486 3765 888 3853 εἱμαρμένης
953 3764 1278 3834 δύνανται
1351 3779 1619 3855 κρατεῖν
1689 3802 1763 3811 -
1835 3758 1977 3828 ἀλλ’
2050 3764 2163 3827 ἵνα
2228 3761 2642 3849 κουφότερον

290 3862 658 3950 πάσχοντες
722 3865 1036 3949 φέρωσιν.
1129 3870 1306 3930 Plane
1374 3871 1543 3931 aliter
1610 3869 1790 3929 sentit
1850 3865 2176 3927 Cassandra
2241 3867 2392 3944 apud
2455 3866 2639 3926 Sobil-

293 3967 484 4028 lerum
532 3975 830 4028 nostrum:

808 4066 1103 4127 Frommts
1151 4068 1267 4127 den
1315 4067 1591 4128 Schleier
1638 4058 2043 4141 aufzuheben,

822 4164 928 4224 Wo
966 4165 1088 4239 ‚das
1137 4168 1296 4226 nahe
1342 4165 1714 4226 Schreclcm's
1763 4164 1983 4224 droht?

808 4264 943 4322 Nur
989 4264 1101 4323 der
1151 4265 1383 4325 Irrtum
1430 4268 1507 4325 ist
1552 4265 1665 4323 das
1711 4262 1933 4335 Letum,

819 4361 957 4421 Und
999 4362 1111 4421 das
1175 4363 1404 4423 Wissen
1451 4364 1529 4421 ist
1573 4364 1687 4422 der
1741 4361 1879 4421 Tod.

289 4460 367 4519 cs.
415 4457 645 4517 Horatii
689 4476 869 4519 carm.
909 4456 984 4517 111
1025 4454 1129 4538 29,
1167 4456 1268 4520 29.
1362 4460 1480 4521 Cic.
1521 4459 1573 4519 d.
1614 4459 1668 4519 d.
1707 4455 1891 4519 1124.
