3200 5167
1501 332 1986 399 -116—

581 526 807 596 pretem
830 505 879 599 ¹)
927 516 1252 597 sophistam
1301 533 1483 577 unum
1534 517 1908 596 eundemque
1959 537 2088 577 esse
2144 528 2352 579 auctor
2400 517 2477 578 sit
2523 516 2924 597 gravissimus,

583 615 696 675 Sed
749 616 892 695 qnid
941 616 1053 675 sibi
1102 615 1243 675 velit
1289 608 1600 687 ἐποποιός
1645 635 1894 695 prorsus
1942 616 2264 677 obscurum
2312 634 2463 676 esse.
2555 615 2920 694 Quamquam

579 716 780 796 igitur,
828 716 1022 793 inquit
1070 712 1384 796 SauppiuS‚
1432 717 1718 774 memoria
1764 717 1894 775 eius
1942 714 2255 774 admodum
2304 712 2557 774 obscura
2605 723 2713 793 est,
2762 723 2925 773 certe

581 820 776 873 tamen
836 820 1095 893 constat,
1156 813 1574 872 Atheniensem
1641 830 1773 871 eum
1835 815 2046 894 fuisse,
2099 812 2314 873 invidia
2374 813 2622 891 quadam
2680 813 2925 873 ductum

579 909 900 971 identidem
964 911 1236 971 altercari
1292 928 1428 970 cum
1491 909 1734 970 Socrate
1804 913 2099 991 coepisse,
2161 913 2559 971 coniectorem
2622 911 2806 970 fuisse
2869 919 2927 970 et

580 1010 969 1088 interpretem
1017 1012 1409 1089 somniorum3
1467 1010 1872 1085 composuisse
1930 1007 2114 1069 libros
2170 1009 2534 1088 complures,
2590 1011 2781 1088 primo
2830 1011 2925 1068 cui

581 1107 933 1183 inscriptum
981 1115 1142 1166 esset
1188 1100 1498 1185 ἀλήθεια,
1544 1106 1758 1165 deinde
1806 1100 1955 1186 περὶ
2005 1097 2341 1186 ὁμονοίας,
2389 1115 2517 1167 tum
2563 1102 2925 1183 πολιτικόν,

583 1204 837 1281 denique
884 1197 1033 1283 περὶ
1079 1203 1357 1281 κρίσεως
1416 1196 1717 1284 ὀνείρων.
1820 1204 2030 1274 Quarti
2088 1204 2226 1265 libri
2284 1213 2443 1265 tanta
2491 1204 2646 1282 apud
2695 1212 2927 1264 veteres

582 1300 819 1360 claritas
866 1301 1050 1361 fuisse
1099 1301 1334 1361 videtur
1381 1310 1448 1362 ut
1494 1303 1803 1380 Antipater
1842 1303 2153 1363 Tarsensis
2191 1302 2374 1363 multa
2413 1322 2485 1362 ex
2525 1321 2594 1362 eo
2634 1305 2694 1362 in
2736 1321 2925 1376 suum,

584 1402 687 1478 qui
716 1410 808 1460 est
839 1402 910 1460 de
942 1403 1306 1461 somniorum
1339 1403 1830 1480 interpretatione
1860 1401 2078 1461 librum
2121 1401 2487 1461 transferret.
2533 1397 2682 1481 (Cic.
2713 1400 2784 1460 de
2816 1400 2927 1460 div.

584 1499 605 1556 l
647 1493 780 1580 39.)
876 1499 1004 1570 Quo
1046 1501 1105 1558 iu
1138 1518 1317 1576 opere
1359 1506 1633 1577 portenta
1679 1518 1915 1577 quoque
1946 1509 2005 1559 et
2034 1501 2230 1559 omina
2260 1499 2331 1559 ab
2360 1500 2423 1558 A.
2456 1497 2739 1577 explicata
2772 1508 2926 1557 sunt.

761 1597 882 1657 lam
931 1597 1246 1656 dicendum
1295 1605 1386 1657 est
1433 1597 1504 1656 de
1553 1597 1985 1657 Aristotele:
2034 1597 2152 1657 Cic.
2202 1597 2270 1656 d:
2295 1598 2409 1657 div,
2446 1596 2472 1655 Ι
2511 1593 2627 1657 81:
2684 1600 2755 1656 A.
2803 1599 2931 1671 qui·

584 1698 717 1755 dem
782 1713 882 1755 eos
947 1698 1153 1768 etiam,
1221 1699 1330 1770 qui
1390 1698 1759 1755 valetudinis
1831 1698 1975 1755 vitio
2043 1695 2330 1771 furerent
2393 1703 2452 1755 et
2513 1697 2937 1755 melancholici

588 1796 970 1866 dicerentur,
1019 1795 1306 1853 censebat
1359 1795 1587 1853 habere
1635 1796 1871 1867 aliquid
1927 1798 1986 1853 in
2035 1798 2253 1854 animis
2302 1796 2706 1869 praesaqiens
2752 1800 2934 1867 atque

586 1893 871 1949 divinum.
975 1888 1134 1949 Vnde
1213 1890 1612 1967 intellegimus
1685 1890 1969 1969 probasse
2042 1891 2419 1952 Aristotelem
2495 1890 2932 1951 divinationem.

586 1985 758 2046 Venit
804 1986 874 2045 ad
924 1995 1189 2046 nostram
1236 1996 1487 2048 aetatem
1535 1988 1887 2066 opusculum
1935 1989 2094 2050 illius
2149 1984 2300 2067 περὶ
2342 1987 2461 2069 τῆς
2506 1982 2663 2050 καθ’
2715 1981 2934 2049 ’ὕπνον

583 2091 929 2164 μαντικῆς,
988 2103 1104 2163 quo
1152 2084 1596 2166 divinationem,
1646 2104 1795 2164 quae
1842 2105 1950 2165 per
1997 2091 2224 2148 somnia
2274 2089 2467 2165 (ieret,
2527 2105 2642 2146 non
2692 2089 2933 2147 omnino

585 2181 844 2259 sustulit,
894 2182 995 2241 sed
1047 2182 1338 2243 dubitavit
1376 2184 1449 2242 de
1498 2201 1591 2263 ea;
1641 2202 1835 2262 neque
1882 2194 2264 2246 contemnere
2313 2185 2481 2245 facile
2529 2188 2585 2244 ei
2631 2185 2745 2245 fuit
2790 2185 2934 2245 divi-

590 2281 887 2339 nationem
955 2298 1062 2358 per
1129 2300 1401 2341 somnum
1470 2300 1665 2360 neque
1732 2281 2001 2360 probare.
2112 2283 2195 2343 De
2263 2285 2493 2343 somnio
2559 2292 2756 2342 autem
2823 2282 2934 2340 hoc

587 2366 816 2437 censet:
884 2380 1075 2438 visum
1133 2380 1291 2458 quod
1351 2398 1380 2439 a
1438 2397 1750 2439 sensorum
1800 2390 1962 2440 motu
2012 2389 2208 2441 ortum
2256 2399 2363 2459 per
2412 2382 2670 2459 quietem
2719 2382 2939 2440 anima-

587 2474 742 2534 libus
800 2478 1090 2557 occurrit‚
1143 2479 1203 2536 in
1267 2496 1337 2537 eo
1400 2478 1555 2556 quod
1618 2478 1946 2557 dormiunt,
2007 2477 2118 2537 hoc
2176 2480 2471 2538 somnium
2530 2486 2636 2537 est.
2729 2476 2936 2555 Neque

585 2576 779 2632 θεῖον
863 2584 954 2635 est
1036 2577 1369 2654 somnium,
1446 2576 1549 2635 sed
1639 2569 1994 2655 δαιμόνιον
2077 2575 2284 2636 haberi
2367 2575 2579 2650 debet,
2656 2579 2930 2654 quoniam

587 2672 781 2730 omnia
830 2671 1100 2731 animalia
1149 2675 1462 2753 somniant,
1512 2691 1629 2732 non
1680 2674 1871 2734 solum
1916 2674 2206 2735 homines,
2283 2673 2560 2733 Ceterum
2609 2674 2721 2733 hoc
2761 2675 2934 2733 modo

591 2771 880 2829 existunt:
928 2789 1046 2829 non
1095 2771 1267 2829 modo
1318 2770 1696 2849 vigilantibus
1745 2772 1916 2832 nobis
1964 2775 2257 2832 motiones
2304 2772 2437 2832 illae
2486 2790 2636 2850 quae
2684 2790 2790 2850 per
2835 2790 2937 2831 eos

594 2885 807 2926 sensus
855 2869 1247 2948 accipiuntur,
1305 2872 1407 2948 qui
1463 2871 1621 2930 foras
1668 2878 2050 2949 prospectant
2096 2880 2154 2930 et
2201 2873 2261 2930 in
2309 2879 2477 2949 parte
2525 2873 2793 2948 corporis
2840 2889 2935 2929 ex-

590 2967 807 3024 teriore
856 2966 1074 3045 iacent,
1132 2969 1497 3048 sentiuntur,
1556 2968 1659 3028 sed
1718 2971 1893 3028 etiam
1948 2988 2085 3029 cum
2141 2969 2370 3029 affectio
2418 2988 2484 3029 ea
2534 2969 2779 3029 suborta
2827 2978 2935 3050 est,

589 3063 747 3140 quod
797 3081 1069 3123 somnum
1118 3083 1421 3125 vocamus:
1467 3084 1604 3125 nam
1643 3066 1904 3126 interdiu
1943 3067 2327 3145 operantibus
2375 3067 2612 3147 quidem
2661 3068 2936 3127 sensibus

588 3181 655 3219 ac
708 3170 905 3220 mente
967 3161 1269 3222 eliduntur
1331 3157 1683 3245 (motiones)
1745 3174 1804 3223 et
1864 3175 2212 3244 vanescunt,
2273 3175 2453 3226 noctu
2511 3174 2737 3245 autem,
2799 3167 2934 3244 quia

590 3258 979 3336 particulares
1047 3277 1259 3319 sensus
1318 3261 1615 3321 feriuntur
1671 3273 1730 3321 et
1787 3280 1960 3341 agere
2017 3274 2352 3344 nequeunt,
2407 3272 2722 3341 propterea
2778 3263 2933 3341 quod

591 3357 753 3417 calor
802 3359 1023 3416 exteris
1059 3358 1331 3437 partibus
1378 3359 1604 3419 relictis
1652 3362 1716 3420 in
1763 3363 1988 3421 viscera
2028 3380 2091 3421 se
2140 3362 2357 3442 condit,
2404 3362 2474 3421 ad
2523 3362 2755 3420 initium
2805 3380 2937 3420 sen-

593 3475 695 3516 sus
743 3459 1153 3534 originemque
1202 3456 1560 3518 delabuntur
1578 3457 1661 3518 'et
1706 3459 2121 3519 obturbatione
2161 3460 2361 3520 sedata
2410 3458 2718 3518 manifesta
2768 3460 2935 3518 fiunt.

589 3553 670 3613 Ea
735 3554 806 3613 de
867 3556 1206 3635 insomniis3
1273 3555 1343 3614 de
1410 3555 1770 3616 divinatione
1839 3566 2064 3638 autem,
2129 3576 2279 3636 quae
2345 3558 2410 3617 fit
2465 3576 2574 3636 per
2628 3559 2937 3634 insomnia,

590 3652 737 3712 haec
767 3662 974 3712 censet
991 3647 1078 3733 ²):
1122 3650 1276 3733 περὶ
1325 3647 1399 3714 δὲ
1436 3651 1551 3733 τῆς
1588 3653 1905 3733 μαντικῆς
1948 3653 2074 3735 τῆς
2103 3651 2177 3717 ἐν
2212 3663 2351 3728 τοῖς
2396 3646 2636 3730 ὕπνοις
2679 3650 2940 3734 γινομέ-

592 3771 711 3830 νης
755 3745 866 3811 καὶ
922 3746 1283 3831 λεγομένης
1336 3751 1731 3831 συμβαίνειν
1779 3744 1905 3814 ἀπὸ
1954 3757 2088 3814 τῶν
2136 3749 2493 3833 ἐνυπνίων,
2542 3746 2693 3815 οὔτε
2743 3772 2938 3812 κατα-

592 3846 928 3928 φρονῆσαι
995 3841 1234 3930 ραδιον
1302 3842 1453 3912 ούτε
1527 3849 1914 3931 πεισθῆναι·
1978 3843 2053 3913 τὸ
2119 3845 2248 3934 γὰρ
2322 3851 2647 3932 μηδεμίαν
2715 3849 2937 3912 αἰτίαν

591 3941 876 4025 εὔλογον
916 3937 1109 4026 ὁρᾶν,
1157 3940 1316 4007 καθ’
1369 3938 1455 4027 ἣν
1503 3969 1589 4010 αν
1626 3949 1904 4029 γίνοιτο,
1951 3946 2148 4011 τοῦτο
2187 3951 2557 4011 διαπιστεῖν
2604 3959 2812 4012 ποιεῖ·
2859 3941 2936 4009 τὸ

589 4036 718 4123 γὰρ
765 4035 934 4106 θεὸν
980 4034 1153 4106 εἶναι
1199 4038 1318 4106 τὸν
1362 4042 1704 4126 πέμποντα
1751 4035 1915 4129 πρὸς
1960 4046 2037 4130 τῇ
2089 4040 2255 4130 ἄλλῃ
2295 4039 2533 4132 αλογία
2578 4043 2689 4110 καὶ
2734 4041 2809 4109 τὸ
2849 4043 2938 4128 μὴ

777 4208 826 4277 1)
866 4207 1023 4260 Blass
1064 4207 1377 4277 (Antiphon
1417 4228 1470 4278 p.
1517 4211 1642 4278 143)
1679 4212 1868 4280 negat,
1907 4210 2354 4266 communionem
2399 4213 2679 4280 quandam
2731 4213 2937 4266 habere

592 4285 801 4338 librum
840 4286 973 4353 περὶ
1009 4290 1242 4356 κρίσεως
1281 4284 1515 4358 ὀνείρων
1555 4307 1683 4344 cum
1718 4293 1974 4356 θεαί-,στος
2015 4306 2173 4357 sane3
2228 4308 2408 4360 neque
2445 4295 2639 4346 tamen
2675 4294 2939 4347 abhorret

592 4384 626 4420 a.
664 4366 934 4435 sophista..
1012 4367 1255 4437 Sauppe,
1293 4385 1378 4425 or.
1419 4370 1520 4422 att.
1550 4369 1600 4422 11
1634 4376 1735 4425 146
1764 4370 1826 4424 B.

772 4448 828 4516 2)
867 4446 948 4501 Cf.
979 4447 1150 4502 Arist.
1182 4465 1270 4517 op.
1300 4450 1390 4503 ed.
1419 4466 1502 4505 ac.
1536 4450 1658 4504 Bor.
1689 4451 1715 4503 I
1743 4469 1796 4520 p.
1819 4457 1940 4506 462.
