3200 5167
1232 319 1714 384 ——131—

304 499 523 580 quibus
569 511 745 583 n'unc,
794 510 1079 581 quantum
1112 509 1350 582 potero,
1397 503 1615 564 dicam:
1662 511 1802 564 sunt
1839 514 2035 564 autem
2071 496 2214 586 hi.1)
2291 498 2635 586 (Susemihl,

301 598 327 659 Ι
374 594 550 683 868)

260 702 266 709 ’
479 699 814 760 Artemon
879 700 1207 761 Milesius
1262 697 1331 780 5,
1372 699 1472 762 18.
1532 699 1685 780 148,
1725 698 1835 781 23;
1909 703 2065 762 idem
2140 711 2636 762 commemoratur

302 796 459 874 apud
497 796 876 876 Fulgentium
908 799 1088 877 Myth.
1125 798 1150 858 1
1190 795 1273 859 13
1312 797 1406 880 (at
1441 818 1583 861 vero
1624 806 1826 863 amica
1863 835 1947 844 —
1987 800 2192 862 laurus
2220 835 2306 844 —
2344 804 2637 879 Apollinis

302 897 375 955 ob
430 898 591 956 hanc
638 915 766 957 rem
812 900 1079 957 vocitata
1127 904 1238 972 est,
1286 900 1452 972 quod
1495 900 1609 980 illi,
1667 902 1775 974 qui
1819 901 1893 958 de
1942 901 2443 975 interpretatione
2487 917 2636 959 som-

301 997 540 1054 niorum
585 997 982 1071 scripserunt,
1027 1002 1096 1054 ut
1129 996 1450 1071 Antiphon,
1499 998 1900 1057 Philochorus
1937 1004 1996 1057 et
2031 1000 2318 1057 Artemon
2356 1004 2415 1057 et
2451 997 2634 1057 Sera—

294 1095 440 1168 pion
479 1095 856 1154 Ascalonites
894 1096 1255 1170 promittant
1300 1096 1362 1152 in
1409 1094 1582 1153 libris
1628 1096 1770 1167 suis,
1819 1098 2062 1155 laurum
2108 1099 2165 1155 si
2203 1096 2636 1155 dormientibus

305 1193 391 1250 ad
424 1199 611 1267 caput
640 1194 938 1268 posueris,
986 1209 1135 1252 vera
1169 1193 1404 1252 somnia
1444 1209 1572 1251 esse
1610 1185 1872 1266 visuros)
1916 1200 1976 1253 et
2013 1192 2165 1271 apud
2206 1191 2635 1252 TertullIanum

302 1280 406 1371 (cf.
444 1307 502 1367 p.
549 1282 703 1371 124)
753 1307 861 1348 nec
909 1307 1027 1347 non
1074 1290 1374 1348 invenitur
1419 1288 1577 1349 illius
1625 1307 1840 1349 nomen
1888 1293 1948 1350 in
1996 1289 2177 1351 schol.
2217 1289 2280 1350 ll.
2319 1288 2446 1348 XVI
2484 1285 2638 1349 854:

300 1378 518 1446 πόθεν
579 1377 613 1445 ὁ
672 1379 1061 1466 Πάτροκλος
1115 1376 1330 1465 οἶδεν,
1388 1380 1491 1446 ὅτι
1534 1378 1865 1467 Ἀχιλλεύς
1920 1394 2140 1450 κτενεῖ
2178 1379 2298 1449 τὸν
2329 1378 2637 1469 “Εκτορα,

303 1474 522 1560 ὥσπερ
577 1475 662 1546 'A.
731 1475 1022 1557 ἀκούσας
1083 1478 1260 1563 παρὰ
1331 1478 1632 1558 Θέτιδοςς
1709 1475 1810 1545 ὅτι
1875 1479 2020 1546 κατ’
2082 1480 2454 1564 Ἀρτέμωνα
2519 1476 2636 1544 τὸν

303 1573 649 1662 Μιλήσιον
695 1578 768 1643 ἐν
813 1580 903 1668 τῷ
950 1576 1101 1663 περὶ
1142 1576 1446 1661 ὀνείρων,
1496 1578 1656 1642 ὅταν
1694 1574 2038 1665 ἀθροισθῇ
2074 1576 2115 1663 ἡ
2157 1575 2333 1662 ψυχὴ
2373 1577 2438 1656 ἐξ
2478 1573 2641 1642 ὅλου

300 1677 422 1741 τοῦ
480 1674 784 1760 σώματος
828 1672 994 1759 πρὸς
1039 1672 1114 1741 τὸ
1166 1675 1556 1759 ἐκκριθῆναι
1605 1673 2062 1761 μαντικωτοὶτη
2109 1680 2381 1761 γίνεται.
2473 1680 2640 1740 Com-

301 1780 500 1857 posuit
552 1780 737 1857 igitur
790 1779 1070 1838 Artemon
1126 1778 1344 1839 librum
1402 1779 1474 1839 de
1537 1781 1782 1839 somniis
1835 1787 1892 1839 et
1939 1781 2144 1858 viginti
2194 1778 2426 1839 duobus
2472 1777 2641 1837 libris

301 1875 553 1937 contulit
606 1875 1050 1937 multitudinem
1106 1878 1471 1939 somniorum
1528 1880 1780 1938 maxime
1837 1877 1908 1937 ad
1965 1886 2279 1957 praecepta
2339 1877 2641 1956 Serapidis

300 1977 742 2054 pertinentium.

478 2073 544 2133 In
607 2073 1112 2134 Aristandrum
1176 2074 1611 2135 Telmessem
1683 2075 2001 2135 incidimus
2065 2075 2163 2135 hic
2228 2074 2374 2135 locis
2432 2070 2641 2154 31‚5.

302 2168 449 2250 216,
490 2166 656 2252 142).
705 2169 853 2252 217,
895 2169 1005 2253 165
1050 2175 1449 2252 peritissimus
1496 2182 1660 2233 vates
1706 2175 1768 2232 in
1805 2190 2013 2251 magna
2052 2172 2207 2251 apud
2244 2171 2640 2232 Alexandrum

303 2272 706 2330 aestimatione
764 2271 903 2351 fuit,
961 2289 1136 2350 quem
1186 2280 1278 2332 est
1323 2279 1567 2332 secutus
1613 2272 1675 2330 in
1722 2273 1918 2330 Asiam
1966 2279 2143 2351 atque
2191 2289 2366 2350 saepe
2415 2270 2639 2330 somnia

301 2370 743 2448 interpretatus.
810 2368 894 2429 Cf.
924 2371 1152 2430 Arrian.
1181 2367 1234 2428 ΙΙ
1266 2366 1364 2430 18.
1429 2368 1590 2429 Idem
1620 2368 1966 2429 Aristander
1998 2369 2069 2429 de
2104 2371 2353 2429 ostentis
2384 2369 2641 2446 scripsit.

303 2465 449 2526 Plin.
480 2465 549 2527 H.
571 2465 637 2527 N.
667 2466 822 2526 XVll
852 2463 955 2546 25,
985 2459 1158 2551 (38):
1196 2469 1477 2543 qualibus
1515 2472 1762 2528 ostentis
1791 2468 2148 2528 Aristandri
2174 2471 2343 2544 apud
2374 2468 2643 2527 Graecos

304 2569 576 2625 volumen
622 2571 832 2644 scatet,
879 2585 956 2627 ne
1003 2569 1084 2627 in·
1113 2568 1413 2639 inlinitum
1461 2568 1765 2627 abeamus.

481 2664 933 2743 Antipatrum
992 2683 1168 2742 quem
1224 2672 1646 2725 commemorat
1691 2664 1813 2724 Art.
1853 2661 2010 2743 242,
2051 2661 2134 2724 14
2190 2682 2306 2723 non
2357 2671 2450 2723 est
2495 2665 2644 2721 veri-

303 2761 494 2822 simile
531 2780 718 2822 unum
756 2762 1129 2841 eundemque
1168 2781 1299 2823 esse
1338 2770 1513 2841 atque
1552 2763 1928 2839 Antipatrum
1966 2761 2338 2840 Tarsensem,
2377 2758 2640 2819 Stoicum

302 2879 334 2920 a
391 2859 677 2920 Cicerone
737 2878 1162 2939 saepenumero
1218 2860 1545 2921 laudatum:
1611 2860 1685 2920 cf.
1732 2878 1788 2938 p.
1839 2857 1997 2941 1213
2051 2859 2439 2938 gladiatorum
2487 2860 2642 2917 enim

303 2961 627 3020 certamina
698 2960 1133 3038 posterioribus
1208 2958 1575 3039 temporibus
1649 2960 2131 3019 inveteraverunt
2195 2976 2388 3036 neque
2452 2959 2645 3035 potuit

304 3056 485 3117 talem
533 3058 748 3116 somnii
794 3059 1348 3137 interpretationem
1396 3058 1550 3118 ferre
1598 3057 1664 3117 A.
1712 3057 2038 3118 Tarsensis.

482 3153 810 3215 Phoebus
869 3175 1105 3235 quoque
1162 3156 1690 3218 Antiochensis
1739 3150 1835 3236 (5,
1877 3153 1975 3218 19.
2033 3152 2146 3237 93,
2183 3153 2286 3216 26.
2346 3151 2503 3234 230,
2541 3151 2644 3214 23.

304 3248 454 3332 242,
493 3246 608 3333 21)
664 3253 737 3313 de
793 3256 1158 3315 somniorum
1215 3257 1274 3315 vi
1319 3262 1494 3333 atque
1540 3243 2030 3332 interpretatione
2079 3254 2391 3331 scripsisse
2438 3249 2645 3310 multa·

303 3368 421 3429 que
469 3349 775 3429 collegisse
813 3353 1066 3415 videtur.
1105 3387 1188 3396 —
1229 3353 1310 3414 De
1348 3352 1766 3413 Nicostrato
1805 3351 2119 3431 Ephesio
2158 3349 2217 3431 9,
2252 3348 2332 3412 16
2374 3349 2457 3410 nil
2496 3352 2646 3410 certi

304 3449 505 3508 (licere
552 3449 758 3530 babeo,
805 3452 920 3510 nisi
968 3453 1151 3512 fuisse
1200 3460 1502 3513 auctorem
1550 3452 1694 3510 satis
1743 3450 1983 3530 clarum,
2029 3450 2085 3509 id
2139 3450 2295 3529 quod
2343 3448 2537 3509 elucet
2576 3468 2644 3507 ex

183 3589 192 3600 .
306 3546 664 3607 Artemidori
710 3546 838 3609 loco
886 3547 1136 3609 laudato.

486 3643 825 3725 Panyasis
872 3646 1554 3726 Halicarnassensis
1602 3645 1792 3728 9,16.
1841 3644 1946 3726 59,
1978 3643 2076 3707 10.
2134 3642 2276 3724 132,
2310 3642 2387 3706 11
2440 3638 2644 3726 (Suse-

305 3741 452 3801 mibl
491 3741 516 3801 I
554 3736 714 3826 868)
762 3748 1086 3805 meminere
1133 3753 1192 3805 et
1240 3747 1510 3807 Clemens
1546 3745 2005 3822 Alexandrinus,
2054 3742 2375 3820 Arnobius,
2423 3741 2644 3801 Macro-

305 3840 469 3921 biuS,
537 3840 782 3902 Suidas:
858 3843 941 3905 11.
997 3834 1548 3925 Ἁλικαρνασσεὺς
1613 3839 1963 3923 νεώτερος,
2033 3833 2433 3922 φιλόσοφος,
2497 3832 2646 3917 περὶ

308 3929 591 4018 ὀνείρων
640 3937 864 4019 βιβλία
912 3932 998 4030 β’
1014 3933 1067 4024 3)

490 4113 542 4182 1)
577 4110 738 4168 Fabr.
778 4110 918 4168 bibl.
957 4130 1037 4182 gr.
1078 4111 1128 4165 V
1166 4118 1288 4169 265.

488 4194 543 4261 2)
582 4191 918 4248 Susemiblio
957 4192 983 4245 I
1019 4198 1149 4261 873,
1184 4201 1283 4249 182
1331 4194 1510 4264 magis
1557 4193 1771 4249 arridet
1808 4194 1977 4249 lectio
2018 4193 2138 4247 cod.
2181 4191 2244 4246 V.
2281 4187 2646 4260 Ἀρίσταρχοςς

309 4290 417 4342 ego
455 4290 658 4342 sequor
693 4273 1053 4330 Hercherum.
1969 4283 1974 4290 ’

488 4356 542 4421 3)
581 4351 989 4422 τερατοσκόπος
1026 4354 1342 4425 appellatur
1369 4355 1639 4426 Panyasis
1674 4356 1849 4425 poeta
1885 4373 1919 4409 a
1948 4353 2135 4419 Sunia,
2177 4354 2325 4422 quod
2356 4353 2545 4406 nescio
2576 4370 2648 4406 an

308 4433 498 4503 potius
535 4431 670 4488 huie
707 4432 1065 4489 tribuendum
1104 4434 1204 4502 sit3
1243 4434 1312 4490 cf.
1352 4434 1648 4506 Antiphon
1686 4453 1740 4504 p.
1786 4440 1901 4489 115.

2152 4523 2225 4576 9*
